%YAML 1.1
%TAG !u! tag:unity3d.com,2011:
--- !u!29 &1
OcclusionCullingSettings:
  m_ObjectHideFlags: 0
  serializedVersion: 2
  m_OcclusionBakeSettings:
    smallestOccluder: 5
    smallestHole: 0.25
    backfaceThreshold: 100
  m_SceneGUID: 00000000000000000000000000000000
  m_OcclusionCullingData: {fileID: 0}
--- !u!104 &2
RenderSettings:
  m_ObjectHideFlags: 0
  serializedVersion: 7
  m_Fog: 0
  m_FogColor: {r: 0.5, g: 0.5, b: 0.5, a: 1}
  m_FogMode: 3
  m_FogDensity: 0.01
  m_LinearFogStart: 0
  m_LinearFogEnd: 300
  m_AmbientSkyColor: {r: 0.212, g: 0.227, b: 0.259, a: 1}
  m_AmbientEquatorColor: {r: 0.114, g: 0.125, b: 0.133, a: 1}
  m_AmbientGroundColor: {r: 0.047, g: 0.043, b: 0.035, a: 1}
  m_AmbientIntensity: 1
  m_AmbientMode: 0
  m_SkyboxMaterial: {fileID: 10304, guid: 0000000000000000f000000000000000, type: 0}
  m_HaloStrength: 0.5
  m_FlareStrength: 1
  m_FlareFadeSpeed: 3
  m_HaloTexture: {fileID: 0}
  m_SpotCookie: {fileID: 10001, guid: 0000000000000000e000000000000000, type: 0}
  m_DefaultReflectionMode: 0
  m_DefaultReflectionResolution: 128
  m_ReflectionBounces: 1
  m_ReflectionIntensity: 1
  m_CustomReflection: {fileID: 0}
  m_Sun: {fileID: 0}
  m_IndirectSpecularColor: {r: 0.17813759, g: 0.22304349, b: 0.30512264, a: 1}
--- !u!157 &3
LightmapSettings:
  m_ObjectHideFlags: 0
  serializedVersion: 7
  m_GIWorkflowMode: 0
  m_GISettings:
    serializedVersion: 2
    m_BounceScale: 1
    m_IndirectOutputScale: 1
    m_AlbedoBoost: 1
    m_TemporalCoherenceThreshold: 1
    m_EnvironmentLightingMode: 0
    m_EnableBakedLightmaps: 1
    m_EnableRealtimeLightmaps: 1
  m_LightmapEditorSettings:
    serializedVersion: 4
    m_Resolution: 2
    m_BakeResolution: 40
    m_TextureWidth: 1024
    m_TextureHeight: 1024
    m_AO: 0
    m_AOMaxDistance: 1
    m_CompAOExponent: 1
    m_CompAOExponentDirect: 0
    m_Padding: 2
    m_LightmapParameters: {fileID: 0}
    m_LightmapsBakeMode: 1
    m_TextureCompression: 1
    m_DirectLightInLightProbes: 1
    m_FinalGather: 0
    m_FinalGatherFiltering: 1
    m_FinalGatherRayCount: 256
    m_ReflectionCompression: 2
  m_LightingDataAsset: {fileID: 0}
  m_RuntimeCPUUsage: 25
--- !u!196 &4
NavMeshSettings:
  serializedVersion: 2
  m_ObjectHideFlags: 0
  m_BuildSettings:
    serializedVersion: 2
    agentTypeID: 0
    agentRadius: 0.5
    agentHeight: 2
    agentSlope: 45
    agentClimb: 0.4
    ledgeDropHeight: 0
    maxJumpAcrossDistance: 0
    minRegionArea: 2
    manualCellSize: 0
    cellSize: 0.16666667
    accuratePlacement: 0
  m_NavMeshData: {fileID: 0}
--- !u!1 &574211300
GameObject:
  m_ObjectHideFlags: 0
  m_PrefabParentObject: {fileID: 0}
  m_PrefabInternal: {fileID: 0}
  serializedVersion: 5
  m_Component:
  - component: {fileID: 574211305}
  - component: {fileID: 574211304}
  - component: {fileID: 574211303}
  - component: {fileID: 574211302}
  m_Layer: 0
  m_Name: 2D Camera
  m_TagString: Untagged
  m_Icon: {fileID: 0}
  m_NavMeshLayer: 0
  m_StaticEditorFlags: 0
  m_IsActive: 1
--- !u!92 &574211302
Behaviour:
  m_ObjectHideFlags: 0
  m_PrefabParentObject: {fileID: 0}
  m_PrefabInternal: {fileID: 0}
  m_GameObject: {fileID: 574211300}
  m_Enabled: 1
--- !u!124 &574211303
Behaviour:
  m_ObjectHideFlags: 0
  m_PrefabParentObject: {fileID: 0}
  m_PrefabInternal: {fileID: 0}
  m_GameObject: {fileID: 574211300}
  m_Enabled: 1
--- !u!20 &574211304
Camera:
  m_ObjectHideFlags: 0
  m_PrefabParentObject: {fileID: 0}
  m_PrefabInternal: {fileID: 0}
  m_GameObject: {fileID: 574211300}
  m_Enabled: 1
  serializedVersion: 2
  m_ClearFlags: 1
  m_BackGroundColor: {r: 0.19215687, g: 0.3019608, b: 0.4745098, a: 0}
  m_NormalizedViewPortRect:
    serializedVersion: 2
    x: 0
    y: 0
    width: 1
    height: 1
  near clip plane: 0.3
  far clip plane: 1000
  field of view: 60
  orthographic: 1
  orthographic size: 5
  m_Depth: 0
  m_CullingMask:
    serializedVersion: 2
    m_Bits: 512
  m_RenderingPath: -1
  m_TargetTexture: {fileID: 0}
  m_TargetDisplay: 1
  m_TargetEye: 0
  m_HDR: 0
  m_OcclusionCulling: 1
  m_StereoConvergence: 10
  m_StereoSeparation: 0.022
  m_StereoMirrorMode: 0
--- !u!4 &574211305
Transform:
  m_ObjectHideFlags: 0
  m_PrefabParentObject: {fileID: 0}
  m_PrefabInternal: {fileID: 0}
  m_GameObject: {fileID: 574211300}
  m_LocalRotation: {x: 0, y: 0, z: 0, w: 1}
  m_LocalPosition: {x: -0.23, y: 3.9330938, z: -4.83}
  m_LocalScale: {x: 1, y: 1, z: 1}
  m_Children: []
  m_Father: {fileID: 0}
  m_RootOrder: 4
  m_LocalEulerAnglesHint: {x: 0, y: 0, z: 0}
--- !u!1 &777150544 stripped
GameObject:
  m_PrefabParentObject: {fileID: 155680, guid: 4d293c8e162f3874b982baadd71153d2, type: 2}
  m_PrefabInternal: {fileID: 1830566991}
--- !u!4 &777150545 stripped
Transform:
  m_PrefabParentObject: {fileID: 408470, guid: 4d293c8e162f3874b982baadd71153d2, type: 2}
  m_PrefabInternal: {fileID: 1830566991}
--- !u!45 &777150549
Skybox:
  m_ObjectHideFlags: 0
  m_PrefabParentObject: {fileID: 0}
  m_PrefabInternal: {fileID: 0}
  m_GameObject: {fileID: 777150544}
  m_Enabled: 1
  m_CustomSkybox: {fileID: 2100000, guid: b8f20d5ca50d16143afc11f5e4af6fc1, type: 2}
--- !u!1 &822456391 stripped
GameObject:
  m_PrefabParentObject: {fileID: 189822, guid: 4d293c8e162f3874b982baadd71153d2, type: 2}
  m_PrefabInternal: {fileID: 1830566991}
--- !u!114 &822456393
MonoBehaviour:
  m_ObjectHideFlags: 0
  m_PrefabParentObject: {fileID: 0}
  m_PrefabInternal: {fileID: 0}
  m_GameObject: {fileID: 822456391}
  m_Enabled: 1
  m_EditorHideFlags: 0
  m_Script: {fileID: 11500000, guid: 6bca9ccf900ccc84c887d783321d27e2, type: 3}
  m_Name: 
  m_EditorClassIdentifier: 
  _head: {fileID: 777150545}
  _ears: {fileID: 1755848450}
  wireframe: 0
--- !u!45 &822456396
Skybox:
  m_ObjectHideFlags: 0
  m_PrefabParentObject: {fileID: 0}
  m_PrefabInternal: {fileID: 0}
  m_GameObject: {fileID: 822456391}
  m_Enabled: 1
  m_CustomSkybox: {fileID: 2100000, guid: b8f20d5ca50d16143afc11f5e4af6fc1, type: 2}
--- !u!21 &978416356
Material:
  serializedVersion: 6
  m_ObjectHideFlags: 0
  m_PrefabParentObject: {fileID: 0}
  m_PrefabInternal: {fileID: 0}
  m_Name: Sprites/Default
  m_Shader: {fileID: 10753, guid: 0000000000000000f000000000000000, type: 0}
  m_ShaderKeywords: 
  m_LightmapFlags: 5
  m_CustomRenderQueue: -1
  stringTagMap: {}
  m_SavedProperties:
    serializedVersion: 2
    m_TexEnvs:
    - first:
        name: _MainTex
      second:
        m_Texture: {fileID: 0}
        m_Scale: {x: 1, y: 1}
        m_Offset: {x: 0, y: 0}
    m_Floats:
    - first:
        name: PixelSnap
      second: 0
    m_Colors:
    - first:
        name: _Color
      second: {r: 1, g: 1, b: 1, a: 1}
--- !u!1 &1305883394 stripped
GameObject:
  m_PrefabParentObject: {fileID: 100000, guid: bfb0c990155e78140881fa17aa905626, type: 2}
  m_PrefabInternal: {fileID: 1585340461}
--- !u!4 &1305883395 stripped
Transform:
  m_PrefabParentObject: {fileID: 400000, guid: bfb0c990155e78140881fa17aa905626, type: 2}
  m_PrefabInternal: {fileID: 1585340461}
--- !u!114 &1305883399
MonoBehaviour:
  m_ObjectHideFlags: 0
  m_PrefabParentObject: {fileID: 0}
  m_PrefabInternal: {fileID: 0}
  m_GameObject: {fileID: 1305883394}
  m_Enabled: 1
  m_EditorHideFlags: 0
  m_Script: {fileID: 11500000, guid: 0b584e7292a498145bad7b4fca34e6d2, type: 3}
  m_Name: 
  m_EditorClassIdentifier: 
  explosion: {fileID: 2071246425}
--- !u!1001 &1431027076
Prefab:
  m_ObjectHideFlags: 0
  serializedVersion: 2
  m_Modification:
    m_TransformParent: {fileID: 0}
    m_Modifications:
    - target: {fileID: 4477242797205062, guid: 692878826cec443e28b37143198d89d4, type: 2}
      propertyPath: m_LocalPosition.x
      value: 0
      objectReference: {fileID: 0}
    - target: {fileID: 4477242797205062, guid: 692878826cec443e28b37143198d89d4, type: 2}
      propertyPath: m_LocalPosition.y
      value: 0
      objectReference: {fileID: 0}
    - target: {fileID: 4477242797205062, guid: 692878826cec443e28b37143198d89d4, type: 2}
      propertyPath: m_LocalPosition.z
      value: 0
      objectReference: {fileID: 0}
    - target: {fileID: 4477242797205062, guid: 692878826cec443e28b37143198d89d4, type: 2}
      propertyPath: m_LocalRotation.x
      value: 0
      objectReference: {fileID: 0}
    - target: {fileID: 4477242797205062, guid: 692878826cec443e28b37143198d89d4, type: 2}
      propertyPath: m_LocalRotation.y
      value: 0
      objectReference: {fileID: 0}
    - target: {fileID: 4477242797205062, guid: 692878826cec443e28b37143198d89d4, type: 2}
      propertyPath: m_LocalRotation.z
      value: 0
      objectReference: {fileID: 0}
    - target: {fileID: 4477242797205062, guid: 692878826cec443e28b37143198d89d4, type: 2}
      propertyPath: m_LocalRotation.w
      value: 1
      objectReference: {fileID: 0}
    - target: {fileID: 4477242797205062, guid: 692878826cec443e28b37143198d89d4, type: 2}
      propertyPath: m_RootOrder
      value: 5
      objectReference: {fileID: 0}
    m_RemovedComponents: []
  m_ParentPrefab: {fileID: 100100000, guid: 692878826cec443e28b37143198d89d4, type: 2}
  m_IsPrefabParent: 0
--- !u!1001 &1585340461
Prefab:
  m_ObjectHideFlags: 0
  serializedVersion: 2
  m_Modification:
    m_TransformParent: {fileID: 1912460971}
    m_Modifications:
    - target: {fileID: 400000, guid: bfb0c990155e78140881fa17aa905626, type: 2}
      propertyPath: m_LocalPosition.x
      value: -0
      objectReference: {fileID: 0}
    - target: {fileID: 400000, guid: bfb0c990155e78140881fa17aa905626, type: 2}
      propertyPath: m_LocalPosition.y
      value: -0.035
      objectReference: {fileID: 0}
    - target: {fileID: 400000, guid: bfb0c990155e78140881fa17aa905626, type: 2}
      propertyPath: m_LocalPosition.z
      value: 0.393
      objectReference: {fileID: 0}
    - target: {fileID: 400000, guid: bfb0c990155e78140881fa17aa905626, type: 2}
      propertyPath: m_LocalRotation.x
      value: 0.7071068
      objectReference: {fileID: 0}
    - target: {fileID: 400000, guid: bfb0c990155e78140881fa17aa905626, type: 2}
      propertyPath: m_LocalRotation.y
      value: 0
      objectReference: {fileID: 0}
    - target: {fileID: 400000, guid: bfb0c990155e78140881fa17aa905626, type: 2}
      propertyPath: m_LocalRotation.z
      value: 0
      objectReference: {fileID: 0}
    - target: {fileID: 400000, guid: bfb0c990155e78140881fa17aa905626, type: 2}
      propertyPath: m_LocalRotation.w
      value: 0.7071068
      objectReference: {fileID: 0}
    - target: {fileID: 400000, guid: bfb0c990155e78140881fa17aa905626, type: 2}
      propertyPath: m_RootOrder
      value: 0
      objectReference: {fileID: 0}
    - target: {fileID: 400000, guid: bfb0c990155e78140881fa17aa905626, type: 2}
      propertyPath: m_LocalEulerAnglesHint.x
      value: 90
      objectReference: {fileID: 0}
    - target: {fileID: 100000, guid: bfb0c990155e78140881fa17aa905626, type: 2}
      propertyPath: m_TagString
      value: Baseballbat
      objectReference: {fileID: 0}
    - target: {fileID: 400000, guid: bfb0c990155e78140881fa17aa905626, type: 2}
      propertyPath: m_LocalScale.x
      value: 0.55705667
      objectReference: {fileID: 0}
    - target: {fileID: 400000, guid: bfb0c990155e78140881fa17aa905626, type: 2}
      propertyPath: m_LocalScale.y
      value: 0.5570566
      objectReference: {fileID: 0}
    - target: {fileID: 400000, guid: bfb0c990155e78140881fa17aa905626, type: 2}
      propertyPath: m_LocalScale.z
      value: 0.5570566
      objectReference: {fileID: 0}
    - target: {fileID: 6500000, guid: bfb0c990155e78140881fa17aa905626, type: 2}
      propertyPath: m_IsTrigger
      value: 1
      objectReference: {fileID: 0}
    m_RemovedComponents: []
  m_ParentPrefab: {fileID: 100100000, guid: bfb0c990155e78140881fa17aa905626, type: 2}
  m_IsPrefabParent: 0
--- !u!1001 &1720540514
Prefab:
  m_ObjectHideFlags: 0
  serializedVersion: 2
  m_Modification:
    m_TransformParent: {fileID: 0}
    m_Modifications:
    - target: {fileID: 4921272025488294, guid: 998c212946e5d4c339011c7ef2d085db, type: 2}
      propertyPath: m_LocalPosition.x
      value: -1.040673
      objectReference: {fileID: 0}
    - target: {fileID: 4921272025488294, guid: 998c212946e5d4c339011c7ef2d085db, type: 2}
      propertyPath: m_LocalPosition.y
      value: 3.9330938
      objectReference: {fileID: 0}
    - target: {fileID: 4921272025488294, guid: 998c212946e5d4c339011c7ef2d085db, type: 2}
      propertyPath: m_LocalPosition.z
      value: 1.2769136
      objectReference: {fileID: 0}
    - target: {fileID: 4921272025488294, guid: 998c212946e5d4c339011c7ef2d085db, type: 2}
      propertyPath: m_LocalRotation.x
      value: 0
      objectReference: {fileID: 0}
    - target: {fileID: 4921272025488294, guid: 998c212946e5d4c339011c7ef2d085db, type: 2}
      propertyPath: m_LocalRotation.y
      value: 0
      objectReference: {fileID: 0}
    - target: {fileID: 4921272025488294, guid: 998c212946e5d4c339011c7ef2d085db, type: 2}
      propertyPath: m_LocalRotation.z
      value: 0
      objectReference: {fileID: 0}
    - target: {fileID: 4921272025488294, guid: 998c212946e5d4c339011c7ef2d085db, type: 2}
      propertyPath: m_LocalRotation.w
      value: 1
      objectReference: {fileID: 0}
    - target: {fileID: 4921272025488294, guid: 998c212946e5d4c339011c7ef2d085db, type: 2}
      propertyPath: m_RootOrder
      value: 3
      objectReference: {fileID: 0}
    m_RemovedComponents: []
  m_ParentPrefab: {fileID: 100100000, guid: 998c212946e5d4c339011c7ef2d085db, type: 2}
  m_IsPrefabParent: 0
--- !u!43 &1753906108
Mesh:
  m_ObjectHideFlags: 0
  m_PrefabParentObject: {fileID: 0}
  m_PrefabInternal: {fileID: 0}
  m_Name: 
  serializedVersion: 8
  m_SubMeshes:
  - serializedVersion: 2
    firstByte: 0
    indexCount: 24
    topology: 0
    firstVertex: 0
    vertexCount: 8
    localAABB:
      m_Center: {x: 0, y: 0.01, z: 0}
      m_Extent: {x: 1.65, y: 0, z: 1.275}
  m_Shapes:
    vertices: []
    shapes: []
    channels: []
    fullWeights: []
  m_BindPose: []
  m_BoneNameHashes: 
  m_RootBoneNameHash: 0
  m_MeshCompression: 0
  m_IsReadable: 1
  m_KeepVertices: 1
  m_KeepIndices: 1
  m_IndexBuffer: 000004000100010004000500010005000200020005000600020006000300030006000700030007000000000007000400
  m_Skin: []
  m_VertexData:
    m_CurrentChannels: 13
    m_VertexCount: 8
    m_Channels:
    - stream: 0
      offset: 0
      format: 0
      dimension: 3
    - stream: 0
      offset: 0
      format: 0
      dimension: 0
    - stream: 0
      offset: 12
      format: 0
      dimension: 4
    - stream: 0
      offset: 28
      format: 0
      dimension: 2
    - stream: 0
      offset: 0
      format: 0
      dimension: 0
    - stream: 0
      offset: 0
      format: 0
      dimension: 0
    - stream: 0
      offset: 0
      format: 0
      dimension: 0
    - stream: 0
      offset: 0
      format: 0
      dimension: 0
    m_DataSize: 288
    _typelessdata: 0000c03f0ad7233c0000903f000000000000803f0000803f0000803f00000000000000000000c03f0ad7233c000090bf000000000000803f0000803f0000803f0000803f000000000000c0bf0ad7233c000090bf000000000000803f0000803f0000803f00000000000000000000c0bf0ad7233c0000903f000000000000803f0000803f0000803f0000803f000000003333d33f0ad7233c3333a33f000000000000803f0000803f00000000000000000000803f3333d33f0ad7233c3333a3bf000000000000803f0000803f000000000000803f0000803f3333d3bf0ad7233c3333a3bf000000000000803f0000803f00000000000000000000803f3333d3bf0ad7233c3333a33f000000000000803f0000803f000000000000803f0000803f
  m_CompressedMesh:
    m_Vertices:
      m_NumItems: 0
      m_Range: 0
      m_Start: 0
      m_Data: 
      m_BitSize: 0
    m_UV:
      m_NumItems: 0
      m_Range: 0
      m_Start: 0
      m_Data: 
      m_BitSize: 0
    m_Normals:
      m_NumItems: 0
      m_Range: 0
      m_Start: 0
      m_Data: 
      m_BitSize: 0
    m_Tangents:
      m_NumItems: 0
      m_Range: 0
      m_Start: 0
      m_Data: 
      m_BitSize: 0
    m_Weights:
      m_NumItems: 0
      m_Data: 
      m_BitSize: 0
    m_NormalSigns:
      m_NumItems: 0
      m_Data: 
      m_BitSize: 0
    m_TangentSigns:
      m_NumItems: 0
      m_Data: 
      m_BitSize: 0
    m_FloatColors:
      m_NumItems: 0
      m_Range: 0
      m_Start: 0
      m_Data: 
      m_BitSize: 0
    m_BoneIndices:
      m_NumItems: 0
      m_Data: 
      m_BitSize: 0
    m_Triangles:
      m_NumItems: 0
      m_Data: 
      m_BitSize: 0
    m_UVInfo: 0
  m_LocalAABB:
    m_Center: {x: 0, y: 0.01, z: 0}
    m_Extent: {x: 1.65, y: 0, z: 1.275}
  m_MeshUsageFlags: 0
  m_BakedConvexCollisionMesh: 
  m_BakedTriangleCollisionMesh: 
  m_MeshOptimized: 0
--- !u!4 &1755848450 stripped
Transform:
  m_PrefabParentObject: {fileID: 439042, guid: 4d293c8e162f3874b982baadd71153d2, type: 2}
  m_PrefabInternal: {fileID: 1830566991}
--- !u!1001 &1830566991
Prefab:
  m_ObjectHideFlags: 0
  serializedVersion: 2
  m_Modification:
    m_TransformParent: {fileID: 0}
    m_Modifications:
    - target: {fileID: 420908, guid: 4d293c8e162f3874b982baadd71153d2, type: 2}
      propertyPath: m_LocalPosition.x
      value: 0
      objectReference: {fileID: 0}
    - target: {fileID: 420908, guid: 4d293c8e162f3874b982baadd71153d2, type: 2}
      propertyPath: m_LocalPosition.y
      value: 3
      objectReference: {fileID: 0}
    - target: {fileID: 420908, guid: 4d293c8e162f3874b982baadd71153d2, type: 2}
      propertyPath: m_LocalPosition.z
      value: 0
      objectReference: {fileID: 0}
    - target: {fileID: 420908, guid: 4d293c8e162f3874b982baadd71153d2, type: 2}
      propertyPath: m_LocalRotation.x
      value: 0
      objectReference: {fileID: 0}
    - target: {fileID: 420908, guid: 4d293c8e162f3874b982baadd71153d2, type: 2}
      propertyPath: m_LocalRotation.y
      value: 0
      objectReference: {fileID: 0}
    - target: {fileID: 420908, guid: 4d293c8e162f3874b982baadd71153d2, type: 2}
      propertyPath: m_LocalRotation.z
      value: 0
      objectReference: {fileID: 0}
    - target: {fileID: 420908, guid: 4d293c8e162f3874b982baadd71153d2, type: 2}
      propertyPath: m_LocalRotation.w
      value: 1
      objectReference: {fileID: 0}
    - target: {fileID: 420908, guid: 4d293c8e162f3874b982baadd71153d2, type: 2}
      propertyPath: m_RootOrder
      value: 1
      objectReference: {fileID: 0}
    - target: {fileID: 3380982, guid: 4d293c8e162f3874b982baadd71153d2, type: 2}
      propertyPath: m_Mesh
      value: 
      objectReference: {fileID: 1753906108}
    - target: {fileID: 2348914, guid: 4d293c8e162f3874b982baadd71153d2, type: 2}
      propertyPath: m_Materials.Array.data[0]
      value: 
      objectReference: {fileID: 978416356}
    - target: {fileID: 2008320, guid: 4d293c8e162f3874b982baadd71153d2, type: 2}
      propertyPath: m_ClearFlags
      value: 1
      objectReference: {fileID: 0}
    - target: {fileID: 2008320, guid: 4d293c8e162f3874b982baadd71153d2, type: 2}
      propertyPath: m_BackGroundColor.r
      value: 0
      objectReference: {fileID: 0}
    - target: {fileID: 2008320, guid: 4d293c8e162f3874b982baadd71153d2, type: 2}
      propertyPath: m_BackGroundColor.g
      value: 0
      objectReference: {fileID: 0}
    - target: {fileID: 2008320, guid: 4d293c8e162f3874b982baadd71153d2, type: 2}
      propertyPath: m_BackGroundColor.b
      value: 0
      objectReference: {fileID: 0}
    - target: {fileID: 2008320, guid: 4d293c8e162f3874b982baadd71153d2, type: 2}
      propertyPath: m_BackGroundColor.a
      value: 0
      objectReference: {fileID: 0}
    - target: {fileID: 482514, guid: 4d293c8e162f3874b982baadd71153d2, type: 2}
      propertyPath: m_RootOrder
      value: 1
      objectReference: {fileID: 0}
    - target: {fileID: 147176, guid: 4d293c8e162f3874b982baadd71153d2, type: 2}
      propertyPath: m_IsActive
      value: 0
      objectReference: {fileID: 0}
    - target: {fileID: 2082592, guid: 4d293c8e162f3874b982baadd71153d2, type: 2}
      propertyPath: m_CullingMask.m_Bits
      value: 4294966783
      objectReference: {fileID: 0}
    m_RemovedComponents:
    - {fileID: 11420968, guid: 4d293c8e162f3874b982baadd71153d2, type: 2}
    - {fileID: 11411836, guid: 4d293c8e162f3874b982baadd71153d2, type: 2}
  m_ParentPrefab: {fileID: 100100000, guid: 4d293c8e162f3874b982baadd71153d2, type: 2}
  m_IsPrefabParent: 0
--- !u!1001 &1875676154
Prefab:
  m_ObjectHideFlags: 0
  serializedVersion: 2
  m_Modification:
    m_TransformParent: {fileID: 0}
    m_Modifications:
    - target: {fileID: 4502838971118658, guid: 2b9811f27c4e34680b960884a200926e, type: 2}
      propertyPath: m_LocalPosition.x
      value: 0
      objectReference: {fileID: 0}
    - target: {fileID: 4502838971118658, guid: 2b9811f27c4e34680b960884a200926e, type: 2}
      propertyPath: m_LocalPosition.y
      value: 0
      objectReference: {fileID: 0}
    - target: {fileID: 4502838971118658, guid: 2b9811f27c4e34680b960884a200926e, type: 2}
      propertyPath: m_LocalPosition.z
      value: 0
      objectReference: {fileID: 0}
    - target: {fileID: 4502838971118658, guid: 2b9811f27c4e34680b960884a200926e, type: 2}
      propertyPath: m_LocalRotation.x
      value: 0
      objectReference: {fileID: 0}
    - target: {fileID: 4502838971118658, guid: 2b9811f27c4e34680b960884a200926e, type: 2}
      propertyPath: m_LocalRotation.y
      value: 0
      objectReference: {fileID: 0}
    - target: {fileID: 4502838971118658, guid: 2b9811f27c4e34680b960884a200926e, type: 2}
      propertyPath: m_LocalRotation.z
      value: 0
      objectReference: {fileID: 0}
    - target: {fileID: 4502838971118658, guid: 2b9811f27c4e34680b960884a200926e, type: 2}
      propertyPath: m_LocalRotation.w
      value: 1
      objectReference: {fileID: 0}
    - target: {fileID: 4502838971118658, guid: 2b9811f27c4e34680b960884a200926e, type: 2}
      propertyPath: m_RootOrder
      value: 2
      objectReference: {fileID: 0}
    m_RemovedComponents: []
  m_ParentPrefab: {fileID: 100100000, guid: 2b9811f27c4e34680b960884a200926e, type: 2}
  m_IsPrefabParent: 0
--- !u!1 &1905373600
GameObject:
  m_ObjectHideFlags: 0
  m_PrefabParentObject: {fileID: 0}
  m_PrefabInternal: {fileID: 0}
  serializedVersion: 5
  m_Component:
  - component: {fileID: 1905373602}
  - component: {fileID: 1905373601}
  m_Layer: 0
  m_Name: Directional Light
  m_TagString: Untagged
  m_Icon: {fileID: 0}
  m_NavMeshLayer: 0
  m_StaticEditorFlags: 0
  m_IsActive: 1
--- !u!108 &1905373601
Light:
  m_ObjectHideFlags: 0
  m_PrefabParentObject: {fileID: 0}
  m_PrefabInternal: {fileID: 0}
  m_GameObject: {fileID: 1905373600}
  m_Enabled: 1
  serializedVersion: 7
  m_Type: 1
  m_Color: {r: 1, g: 0.95686275, b: 0.8392157, a: 1}
  m_Intensity: 1
  m_Range: 10
  m_SpotAngle: 30
  m_CookieSize: 10
  m_Shadows:
    m_Type: 2
    m_Resolution: -1
    m_CustomResolution: -1
    m_Strength: 1
    m_Bias: 0.05
    m_NormalBias: 0.4
    m_NearPlane: 0.2
  m_Cookie: {fileID: 0}
  m_DrawHalo: 0
  m_Flare: {fileID: 0}
  m_RenderMode: 0
  m_CullingMask:
    serializedVersion: 2
    m_Bits: 4294967295
  m_Lightmapping: 4
  m_AreaSize: {x: 1, y: 1}
  m_BounceIntensity: 1
  m_ShadowRadius: 0
  m_ShadowAngle: 0
--- !u!4 &1905373602
Transform:
  m_ObjectHideFlags: 0
  m_PrefabParentObject: {fileID: 0}
  m_PrefabInternal: {fileID: 0}
  m_GameObject: {fileID: 1905373600}
  m_LocalRotation: {x: 0.4792599, y: -0.24281655, z: 0.08959593, w: 0.8386433}
  m_LocalPosition: {x: 0, y: 7.07, z: -12.47}
  m_LocalScale: {x: 1, y: 1, z: 1}
  m_Children: []
  m_Father: {fileID: 0}
  m_RootOrder: 0
  m_LocalEulerAnglesHint: {x: 57.926003, y: -37.247, z: -8.934}
--- !u!4 &1912460971 stripped
Transform:
  m_PrefabParentObject: {fileID: 458974, guid: 4d293c8e162f3874b982baadd71153d2, type: 2}
  m_PrefabInternal: {fileID: 1830566991}
--- !u!1001 &2018264980
Prefab:
  m_ObjectHideFlags: 0
  serializedVersion: 2
  m_Modification:
    m_TransformParent: {fileID: 0}
    m_Modifications:
    - target: {fileID: 4453932535808380, guid: 1399534c24355e543849ca2a36db170a, type: 2}
      propertyPath: m_LocalPosition.x
      value: -1.08
      objectReference: {fileID: 0}
    - target: {fileID: 4453932535808380, guid: 1399534c24355e543849ca2a36db170a, type: 2}
      propertyPath: m_LocalPosition.y
      value: 3.9299998
      objectReference: {fileID: 0}
    - target: {fileID: 4453932535808380, guid: 1399534c24355e543849ca2a36db170a, type: 2}
      propertyPath: m_LocalPosition.z
      value: 1.2199999
      objectReference: {fileID: 0}
    - target: {fileID: 4453932535808380, guid: 1399534c24355e543849ca2a36db170a, type: 2}
      propertyPath: m_LocalRotation.x
      value: -0
      objectReference: {fileID: 0}
    - target: {fileID: 4453932535808380, guid: 1399534c24355e543849ca2a36db170a, type: 2}
      propertyPath: m_LocalRotation.y
      value: -0
      objectReference: {fileID: 0}
    - target: {fileID: 4453932535808380, guid: 1399534c24355e543849ca2a36db170a, type: 2}
      propertyPath: m_LocalRotation.z
      value: -0
      objectReference: {fileID: 0}
    - target: {fileID: 4453932535808380, guid: 1399534c24355e543849ca2a36db170a, type: 2}
      propertyPath: m_LocalRotation.w
      value: 1
      objectReference: {fileID: 0}
    - target: {fileID: 4453932535808380, guid: 1399534c24355e543849ca2a36db170a, type: 2}
      propertyPath: m_RootOrder
      value: 6
      objectReference: {fileID: 0}
    m_RemovedComponents: []
  m_ParentPrefab: {fileID: 100100000, guid: 1399534c24355e543849ca2a36db170a, type: 2}
  m_IsPrefabParent: 0
--- !u!1001 &2071246424
Prefab:
  m_ObjectHideFlags: 0
  serializedVersion: 2
  m_Modification:
    m_TransformParent: {fileID: 1305883395}
    m_Modifications:
    - target: {fileID: 400002, guid: f7efb0d9df2264096af57128df85dddb, type: 2}
      propertyPath: m_LocalPosition.x
      value: 0
      objectReference: {fileID: 0}
    - target: {fileID: 400002, guid: f7efb0d9df2264096af57128df85dddb, type: 2}
      propertyPath: m_LocalPosition.y
      value: 0.929
      objectReference: {fileID: 0}
    - target: {fileID: 400002, guid: f7efb0d9df2264096af57128df85dddb, type: 2}
      propertyPath: m_LocalPosition.z
      value: 0
      objectReference: {fileID: 0}
    - target: {fileID: 400002, guid: f7efb0d9df2264096af57128df85dddb, type: 2}
      propertyPath: m_LocalRotation.x
      value: 0
      objectReference: {fileID: 0}
    - target: {fileID: 400002, guid: f7efb0d9df2264096af57128df85dddb, type: 2}
      propertyPath: m_LocalRotation.y
      value: 0
      objectReference: {fileID: 0}
    - target: {fileID: 400002, guid: f7efb0d9df2264096af57128df85dddb, type: 2}
      propertyPath: m_LocalRotation.z
      value: 0
      objectReference: {fileID: 0}
    - target: {fileID: 400002, guid: f7efb0d9df2264096af57128df85dddb, type: 2}
      propertyPath: m_LocalRotation.w
      value: 1
      objectReference: {fileID: 0}
    - target: {fileID: 400002, guid: f7efb0d9df2264096af57128df85dddb, type: 2}
      propertyPath: m_RootOrder
      value: 0
      objectReference: {fileID: 0}
    - target: {fileID: 400004, guid: f7efb0d9df2264096af57128df85dddb, type: 2}
      propertyPath: m_LocalPosition.x
      value: 0
      objectReference: {fileID: 0}
    - target: {fileID: 400004, guid: f7efb0d9df2264096af57128df85dddb, type: 2}
      propertyPath: m_LocalPosition.y
      value: 0
      objectReference: {fileID: 0}
    - target: {fileID: 400004, guid: f7efb0d9df2264096af57128df85dddb, type: 2}
      propertyPath: m_LocalPosition.z
      value: 0
      objectReference: {fileID: 0}
    - target: {fileID: 19800000, guid: f7efb0d9df2264096af57128df85dddb, type: 2}
      propertyPath: randomSeed
      value: 842801970
      objectReference: {fileID: 0}
    - target: {fileID: 19800000, guid: f7efb0d9df2264096af57128df85dddb, type: 2}
      propertyPath: EmissionModule.rateOverTime.scalar
      value: 20
      objectReference: {fileID: 0}
    - target: {fileID: 19800000, guid: f7efb0d9df2264096af57128df85dddb, type: 2}
      propertyPath: looping
      value: 0
      objectReference: {fileID: 0}
    - target: {fileID: 19800000, guid: f7efb0d9df2264096af57128df85dddb, type: 2}
      propertyPath: playOnAwake
      value: 0
      objectReference: {fileID: 0}
    m_RemovedComponents: []
  m_ParentPrefab: {fileID: 100100000, guid: f7efb0d9df2264096af57128df85dddb, type: 2}
  m_IsPrefabParent: 0
--- !u!198 &2071246425 stripped
ParticleSystem:
  m_PrefabParentObject: {fileID: 19800000, guid: f7efb0d9df2264096af57128df85dddb,
    type: 2}
  m_PrefabInternal: {fileID: 2071246424}
