%YAML 1.1
%TAG !u! tag:unity3d.com,2011:
--- !u!29 &1
OcclusionCullingSettings:
  m_ObjectHideFlags: 0
  serializedVersion: 2
  m_OcclusionBakeSettings:
    smallestOccluder: 5
    smallestHole: 0.25
    backfaceThreshold: 100
  m_SceneGUID: 00000000000000000000000000000000
  m_OcclusionCullingData: {fileID: 0}
--- !u!104 &2
RenderSettings:
  m_ObjectHideFlags: 0
  serializedVersion: 7
  m_Fog: 0
  m_FogColor: {r: 0.5, g: 0.5, b: 0.5, a: 1}
  m_FogMode: 3
  m_FogDensity: 0.01
  m_LinearFogStart: 0
  m_LinearFogEnd: 300
  m_AmbientSkyColor: {r: 0.212, g: 0.227, b: 0.259, a: 1}
  m_AmbientEquatorColor: {r: 0.114, g: 0.125, b: 0.133, a: 1}
  m_AmbientGroundColor: {r: 0.047, g: 0.043, b: 0.035, a: 1}
  m_AmbientIntensity: 1
  m_AmbientMode: 0
  m_SkyboxMaterial: {fileID: 2100000, guid: e0508e53307e32942be855a8a4eda6e5, type: 2}
  m_HaloStrength: 0.5
  m_FlareStrength: 1
  m_FlareFadeSpeed: 3
  m_HaloTexture: {fileID: 0}
  m_SpotCookie: {fileID: 10001, guid: 0000000000000000e000000000000000, type: 0}
  m_DefaultReflectionMode: 0
  m_DefaultReflectionResolution: 128
  m_ReflectionBounces: 1
  m_ReflectionIntensity: 1
  m_CustomReflection: {fileID: 0}
  m_Sun: {fileID: 0}
  m_IndirectSpecularColor: {r: 1.298672, g: 0.5553448, b: 0.97265995, a: 1}
--- !u!157 &3
LightmapSettings:
  m_ObjectHideFlags: 0
  serializedVersion: 7
  m_GIWorkflowMode: 0
  m_GISettings:
    serializedVersion: 2
    m_BounceScale: 1
    m_IndirectOutputScale: 1
    m_AlbedoBoost: 1
    m_TemporalCoherenceThreshold: 1
    m_EnvironmentLightingMode: 0
    m_EnableBakedLightmaps: 1
    m_EnableRealtimeLightmaps: 1
  m_LightmapEditorSettings:
    serializedVersion: 4
    m_Resolution: 2
    m_BakeResolution: 40
    m_TextureWidth: 1024
    m_TextureHeight: 1024
    m_AO: 0
    m_AOMaxDistance: 1
    m_CompAOExponent: 1
    m_CompAOExponentDirect: 0
    m_Padding: 2
    m_LightmapParameters: {fileID: 0}
    m_LightmapsBakeMode: 1
    m_TextureCompression: 1
    m_DirectLightInLightProbes: 1
    m_FinalGather: 0
    m_FinalGatherFiltering: 1
    m_FinalGatherRayCount: 256
    m_ReflectionCompression: 2
  m_LightingDataAsset: {fileID: 0}
  m_RuntimeCPUUsage: 25
--- !u!196 &4
NavMeshSettings:
  serializedVersion: 2
  m_ObjectHideFlags: 0
  m_BuildSettings:
    serializedVersion: 2
    agentTypeID: 0
    agentRadius: 0.5
    agentHeight: 2
    agentSlope: 45
    agentClimb: 0.4
    ledgeDropHeight: 0
    maxJumpAcrossDistance: 0
    minRegionArea: 2
    manualCellSize: 0
    cellSize: 0.16666667
    accuratePlacement: 0
  m_NavMeshData: {fileID: 0}
--- !u!1001 &15449137
Prefab:
  m_ObjectHideFlags: 0
  serializedVersion: 2
  m_Modification:
    m_TransformParent: {fileID: 1203627462}
    m_Modifications:
    - target: {fileID: 400000, guid: 30f9f9217f7b601408265d8ba8348064, type: 3}
      propertyPath: m_LocalPosition.x
      value: -6.626892
      objectReference: {fileID: 0}
    - target: {fileID: 400000, guid: 30f9f9217f7b601408265d8ba8348064, type: 3}
      propertyPath: m_LocalPosition.y
      value: -7.177887
      objectReference: {fileID: 0}
    - target: {fileID: 400000, guid: 30f9f9217f7b601408265d8ba8348064, type: 3}
      propertyPath: m_LocalPosition.z
      value: -15.503066
      objectReference: {fileID: 0}
    - target: {fileID: 400000, guid: 30f9f9217f7b601408265d8ba8348064, type: 3}
      propertyPath: m_LocalRotation.x
      value: -0
      objectReference: {fileID: 0}
    - target: {fileID: 400000, guid: 30f9f9217f7b601408265d8ba8348064, type: 3}
      propertyPath: m_LocalRotation.y
      value: -0.9517598
      objectReference: {fileID: 0}
    - target: {fileID: 400000, guid: 30f9f9217f7b601408265d8ba8348064, type: 3}
      propertyPath: m_LocalRotation.z
      value: -0
      objectReference: {fileID: 0}
    - target: {fileID: 400000, guid: 30f9f9217f7b601408265d8ba8348064, type: 3}
      propertyPath: m_LocalRotation.w
      value: 0.30684406
      objectReference: {fileID: 0}
    - target: {fileID: 400000, guid: 30f9f9217f7b601408265d8ba8348064, type: 3}
      propertyPath: m_RootOrder
      value: 4
      objectReference: {fileID: 0}
    - target: {fileID: 400000, guid: 30f9f9217f7b601408265d8ba8348064, type: 3}
      propertyPath: m_LocalScale.x
      value: 3
      objectReference: {fileID: 0}
    - target: {fileID: 400000, guid: 30f9f9217f7b601408265d8ba8348064, type: 3}
      propertyPath: m_LocalScale.y
      value: 3
      objectReference: {fileID: 0}
    - target: {fileID: 400000, guid: 30f9f9217f7b601408265d8ba8348064, type: 3}
      propertyPath: m_LocalScale.z
      value: 3
      objectReference: {fileID: 0}
    - target: {fileID: 400002, guid: 30f9f9217f7b601408265d8ba8348064, type: 3}
      propertyPath: m_LocalPosition.z
      value: -3.82
      objectReference: {fileID: 0}
    - target: {fileID: 400002, guid: 30f9f9217f7b601408265d8ba8348064, type: 3}
      propertyPath: m_LocalPosition.x
      value: 5.45
      objectReference: {fileID: 0}
    - target: {fileID: 2300000, guid: 30f9f9217f7b601408265d8ba8348064, type: 3}
      propertyPath: m_Materials.Array.data[0]
      value: 
      objectReference: {fileID: 2100000, guid: dc8d09c17ae080f43af74366578abe4e, type: 2}
    - target: {fileID: 100000, guid: 30f9f9217f7b601408265d8ba8348064, type: 3}
      propertyPath: m_Name
      value: BackgroundPhat (1)
      objectReference: {fileID: 0}
    - target: {fileID: 400000, guid: 30f9f9217f7b601408265d8ba8348064, type: 3}
      propertyPath: m_LocalEulerAnglesHint.y
      value: -144.26201
      objectReference: {fileID: 0}
    - target: {fileID: 100000, guid: 30f9f9217f7b601408265d8ba8348064, type: 3}
      propertyPath: m_StaticEditorFlags
      value: 4294967295
      objectReference: {fileID: 0}
    - target: {fileID: 100002, guid: 30f9f9217f7b601408265d8ba8348064, type: 3}
      propertyPath: m_StaticEditorFlags
      value: 4294967295
      objectReference: {fileID: 0}
    m_RemovedComponents: []
  m_ParentPrefab: {fileID: 100100000, guid: 30f9f9217f7b601408265d8ba8348064, type: 3}
  m_IsPrefabParent: 0
--- !u!4 &15449138 stripped
Transform:
  m_PrefabParentObject: {fileID: 400000, guid: 30f9f9217f7b601408265d8ba8348064, type: 3}
  m_PrefabInternal: {fileID: 15449137}
--- !u!1 &95735557
GameObject:
  m_ObjectHideFlags: 0
  m_PrefabParentObject: {fileID: 147176, guid: 4d293c8e162f3874b982baadd71153d2, type: 2}
  m_PrefabInternal: {fileID: 0}
  serializedVersion: 5
  m_Component:
  - component: {fileID: 95735558}
  - component: {fileID: 95735559}
  m_Layer: 0
  m_Name: Model
  m_TagString: Untagged
  m_Icon: {fileID: 0}
  m_NavMeshLayer: 0
  m_StaticEditorFlags: 0
  m_IsActive: 0
--- !u!4 &95735558
Transform:
  m_ObjectHideFlags: 0
  m_PrefabParentObject: {fileID: 482514, guid: 4d293c8e162f3874b982baadd71153d2, type: 2}
  m_PrefabInternal: {fileID: 0}
  m_GameObject: {fileID: 95735557}
  m_LocalRotation: {x: 0, y: 0, z: 0, w: 1}
  m_LocalPosition: {x: 0, y: 0, z: 0}
  m_LocalScale: {x: 1, y: 1, z: 1}
  m_Children: []
  m_Father: {fileID: 1912460971}
  m_RootOrder: 1
  m_LocalEulerAnglesHint: {x: 0, y: 0, z: 0}
--- !u!114 &95735559
MonoBehaviour:
  m_ObjectHideFlags: 0
  m_PrefabParentObject: {fileID: 11417306, guid: 4d293c8e162f3874b982baadd71153d2,
    type: 2}
  m_PrefabInternal: {fileID: 0}
  m_GameObject: {fileID: 95735557}
  m_Enabled: 1
  m_EditorHideFlags: 0
  m_Script: {fileID: 11500000, guid: 5890e3cad70bea64d91aef9145ba3454, type: 3}
  m_Name: 
  m_EditorClassIdentifier: 
  index: -1
  modelOverride: 
  shader: {fileID: 46, guid: 0000000000000000f000000000000000, type: 0}
  verbose: 0
  createComponents: 1
  updateDynamically: 1
--- !u!1 &398654924
GameObject:
  m_ObjectHideFlags: 0
  m_PrefabParentObject: {fileID: 1267316979064348, guid: 4d293c8e162f3874b982baadd71153d2,
    type: 2}
  m_PrefabInternal: {fileID: 0}
  serializedVersion: 5
  m_Component:
  - component: {fileID: 398654925}
  m_Layer: 0
  m_Name: BricksSlot
  m_TagString: BricksSlot
  m_Icon: {fileID: 0}
  m_NavMeshLayer: 0
  m_StaticEditorFlags: 0
  m_IsActive: 1
--- !u!4 &398654925
Transform:
  m_ObjectHideFlags: 0
  m_PrefabParentObject: {fileID: 4766561183789698, guid: 4d293c8e162f3874b982baadd71153d2,
    type: 2}
  m_PrefabInternal: {fileID: 0}
  m_GameObject: {fileID: 398654924}
  m_LocalRotation: {x: 0, y: 0, z: 0, w: 1}
  m_LocalPosition: {x: -0.03, y: -0.38, z: 0}
  m_LocalScale: {x: 1, y: 1, z: 1}
  m_Children: []
  m_Father: {fileID: 822456393}
  m_RootOrder: 0
  m_LocalEulerAnglesHint: {x: 0, y: 0, z: 0}
--- !u!1 &426373095
GameObject:
  m_ObjectHideFlags: 0
  m_PrefabParentObject: {fileID: 124034, guid: 4d293c8e162f3874b982baadd71153d2, type: 2}
  m_PrefabInternal: {fileID: 0}
  serializedVersion: 5
  m_Component:
  - component: {fileID: 1912460971}
  - component: {fileID: 426373096}
  m_Layer: 0
  m_Name: Controller (left)
  m_TagString: Untagged
  m_Icon: {fileID: 0}
  m_NavMeshLayer: 0
  m_StaticEditorFlags: 0
  m_IsActive: 1
--- !u!114 &426373096
MonoBehaviour:
  m_ObjectHideFlags: 0
  m_PrefabParentObject: {fileID: 11411726, guid: 4d293c8e162f3874b982baadd71153d2,
    type: 2}
  m_PrefabInternal: {fileID: 0}
  m_GameObject: {fileID: 426373095}
  m_Enabled: 1
  m_EditorHideFlags: 0
  m_Script: {fileID: 11500000, guid: d37c2cf88f7c59f4c8cf5d3812568143, type: 3}
  m_Name: 
  m_EditorClassIdentifier: 
  index: -1
  origin: {fileID: 0}
  isValid: 0
--- !u!1001 &529776039
Prefab:
  m_ObjectHideFlags: 0
  serializedVersion: 2
  m_Modification:
    m_TransformParent: {fileID: 1203627462}
    m_Modifications:
    - target: {fileID: 400000, guid: 6b5cd5875c1ce87499123f98fd757e69, type: 3}
      propertyPath: m_LocalPosition.x
      value: -7.210977
      objectReference: {fileID: 0}
    - target: {fileID: 400000, guid: 6b5cd5875c1ce87499123f98fd757e69, type: 3}
      propertyPath: m_LocalPosition.y
      value: -8.687954
      objectReference: {fileID: 0}
    - target: {fileID: 400000, guid: 6b5cd5875c1ce87499123f98fd757e69, type: 3}
      propertyPath: m_LocalPosition.z
      value: -16.314766
      objectReference: {fileID: 0}
    - target: {fileID: 400000, guid: 6b5cd5875c1ce87499123f98fd757e69, type: 3}
      propertyPath: m_LocalRotation.x
      value: -0
      objectReference: {fileID: 0}
    - target: {fileID: 400000, guid: 6b5cd5875c1ce87499123f98fd757e69, type: 3}
      propertyPath: m_LocalRotation.y
      value: -0.9517598
      objectReference: {fileID: 0}
    - target: {fileID: 400000, guid: 6b5cd5875c1ce87499123f98fd757e69, type: 3}
      propertyPath: m_LocalRotation.z
      value: -0
      objectReference: {fileID: 0}
    - target: {fileID: 400000, guid: 6b5cd5875c1ce87499123f98fd757e69, type: 3}
      propertyPath: m_LocalRotation.w
      value: 0.30684406
      objectReference: {fileID: 0}
    - target: {fileID: 400000, guid: 6b5cd5875c1ce87499123f98fd757e69, type: 3}
      propertyPath: m_RootOrder
      value: 3
      objectReference: {fileID: 0}
    - target: {fileID: 400000, guid: 6b5cd5875c1ce87499123f98fd757e69, type: 3}
      propertyPath: m_LocalScale.x
      value: 3
      objectReference: {fileID: 0}
    - target: {fileID: 400000, guid: 6b5cd5875c1ce87499123f98fd757e69, type: 3}
      propertyPath: m_LocalScale.y
      value: 3
      objectReference: {fileID: 0}
    - target: {fileID: 400000, guid: 6b5cd5875c1ce87499123f98fd757e69, type: 3}
      propertyPath: m_LocalScale.z
      value: 3
      objectReference: {fileID: 0}
    - target: {fileID: 2300000, guid: 6b5cd5875c1ce87499123f98fd757e69, type: 3}
      propertyPath: m_Materials.Array.data[0]
      value: 
      objectReference: {fileID: 2100000, guid: 1678fb98aa82c9644a0862e15aae7e07, type: 2}
    - target: {fileID: 100000, guid: 6b5cd5875c1ce87499123f98fd757e69, type: 3}
      propertyPath: m_Name
      value: BackgroundDouble (1)
      objectReference: {fileID: 0}
    - target: {fileID: 400000, guid: 6b5cd5875c1ce87499123f98fd757e69, type: 3}
      propertyPath: m_LocalEulerAnglesHint.y
      value: -144.26201
      objectReference: {fileID: 0}
    - target: {fileID: 100002, guid: 6b5cd5875c1ce87499123f98fd757e69, type: 3}
      propertyPath: m_StaticEditorFlags
      value: 4294967295
      objectReference: {fileID: 0}
    - target: {fileID: 100000, guid: 6b5cd5875c1ce87499123f98fd757e69, type: 3}
      propertyPath: m_StaticEditorFlags
      value: 4294967295
      objectReference: {fileID: 0}
    m_RemovedComponents: []
  m_ParentPrefab: {fileID: 100100000, guid: 6b5cd5875c1ce87499123f98fd757e69, type: 3}
  m_IsPrefabParent: 0
--- !u!4 &529776040 stripped
Transform:
  m_PrefabParentObject: {fileID: 400000, guid: 6b5cd5875c1ce87499123f98fd757e69, type: 3}
  m_PrefabInternal: {fileID: 529776039}
--- !u!1 &574211300
GameObject:
  m_ObjectHideFlags: 0
  m_PrefabParentObject: {fileID: 0}
  m_PrefabInternal: {fileID: 0}
  serializedVersion: 5
  m_Component:
  - component: {fileID: 574211305}
  - component: {fileID: 574211304}
  - component: {fileID: 574211303}
  - component: {fileID: 574211302}
  m_Layer: 0
  m_Name: 2D Camera
  m_TagString: Untagged
  m_Icon: {fileID: 0}
  m_NavMeshLayer: 0
  m_StaticEditorFlags: 0
  m_IsActive: 1
--- !u!92 &574211302
Behaviour:
  m_ObjectHideFlags: 0
  m_PrefabParentObject: {fileID: 0}
  m_PrefabInternal: {fileID: 0}
  m_GameObject: {fileID: 574211300}
  m_Enabled: 1
--- !u!124 &574211303
Behaviour:
  m_ObjectHideFlags: 0
  m_PrefabParentObject: {fileID: 0}
  m_PrefabInternal: {fileID: 0}
  m_GameObject: {fileID: 574211300}
  m_Enabled: 1
--- !u!20 &574211304
Camera:
  m_ObjectHideFlags: 0
  m_PrefabParentObject: {fileID: 0}
  m_PrefabInternal: {fileID: 0}
  m_GameObject: {fileID: 574211300}
  m_Enabled: 1
  serializedVersion: 2
  m_ClearFlags: 1
  m_BackGroundColor: {r: 0.19215687, g: 0.3019608, b: 0.4745098, a: 0}
  m_NormalizedViewPortRect:
    serializedVersion: 2
    x: 0
    y: 0
    width: 1
    height: 1
  near clip plane: 0.3
  far clip plane: 1000
  field of view: 60
  orthographic: 1
  orthographic size: 5
  m_Depth: 0
  m_CullingMask:
    serializedVersion: 2
    m_Bits: 512
  m_RenderingPath: -1
  m_TargetTexture: {fileID: 0}
  m_TargetDisplay: 1
  m_TargetEye: 0
  m_HDR: 0
  m_OcclusionCulling: 1
  m_StereoConvergence: 10
  m_StereoSeparation: 0.022
  m_StereoMirrorMode: 0
--- !u!4 &574211305
Transform:
  m_ObjectHideFlags: 0
  m_PrefabParentObject: {fileID: 0}
  m_PrefabInternal: {fileID: 0}
  m_GameObject: {fileID: 574211300}
  m_LocalRotation: {x: 0, y: 0, z: 0, w: 1}
  m_LocalPosition: {x: 0, y: 3, z: -5}
  m_LocalScale: {x: 1, y: 1, z: 1}
  m_Children: []
  m_Father: {fileID: 0}
  m_RootOrder: 6
  m_LocalEulerAnglesHint: {x: 0, y: 0, z: 0}
--- !u!1001 &626727368
Prefab:
  m_ObjectHideFlags: 0
  serializedVersion: 2
  m_Modification:
    m_TransformParent: {fileID: 1203627462}
    m_Modifications:
    - target: {fileID: 400000, guid: 09ab9c6ac3ddf7544859b256a388ead2, type: 3}
      propertyPath: m_LocalPosition.x
      value: -10.888094
      objectReference: {fileID: 0}
    - target: {fileID: 400000, guid: 09ab9c6ac3ddf7544859b256a388ead2, type: 3}
      propertyPath: m_LocalPosition.y
      value: -7.9531264
      objectReference: {fileID: 0}
    - target: {fileID: 400000, guid: 09ab9c6ac3ddf7544859b256a388ead2, type: 3}
      propertyPath: m_LocalPosition.z
      value: 6.189456
      objectReference: {fileID: 0}
    - target: {fileID: 400000, guid: 09ab9c6ac3ddf7544859b256a388ead2, type: 3}
      propertyPath: m_LocalRotation.x
      value: -0
      objectReference: {fileID: 0}
    - target: {fileID: 400000, guid: 09ab9c6ac3ddf7544859b256a388ead2, type: 3}
      propertyPath: m_LocalRotation.y
      value: -0
      objectReference: {fileID: 0}
    - target: {fileID: 400000, guid: 09ab9c6ac3ddf7544859b256a388ead2, type: 3}
      propertyPath: m_LocalRotation.z
      value: -0
      objectReference: {fileID: 0}
    - target: {fileID: 400000, guid: 09ab9c6ac3ddf7544859b256a388ead2, type: 3}
      propertyPath: m_LocalRotation.w
      value: 1
      objectReference: {fileID: 0}
    - target: {fileID: 400000, guid: 09ab9c6ac3ddf7544859b256a388ead2, type: 3}
      propertyPath: m_RootOrder
      value: 2
      objectReference: {fileID: 0}
    - target: {fileID: 400000, guid: 09ab9c6ac3ddf7544859b256a388ead2, type: 3}
      propertyPath: m_LocalScale.x
      value: 4
      objectReference: {fileID: 0}
    - target: {fileID: 400000, guid: 09ab9c6ac3ddf7544859b256a388ead2, type: 3}
      propertyPath: m_LocalScale.y
      value: 4
      objectReference: {fileID: 0}
    - target: {fileID: 400000, guid: 09ab9c6ac3ddf7544859b256a388ead2, type: 3}
      propertyPath: m_LocalScale.z
      value: 4
      objectReference: {fileID: 0}
    - target: {fileID: 2300000, guid: 09ab9c6ac3ddf7544859b256a388ead2, type: 3}
      propertyPath: m_Materials.Array.data[0]
      value: 
      objectReference: {fileID: 2100000, guid: a94345cd8c2aad0449509e56746e6b6d, type: 2}
    - target: {fileID: 100002, guid: 09ab9c6ac3ddf7544859b256a388ead2, type: 3}
      propertyPath: m_StaticEditorFlags
      value: 4294967295
      objectReference: {fileID: 0}
    - target: {fileID: 100000, guid: 09ab9c6ac3ddf7544859b256a388ead2, type: 3}
      propertyPath: m_StaticEditorFlags
      value: 4294967295
      objectReference: {fileID: 0}
    m_RemovedComponents: []
  m_ParentPrefab: {fileID: 100100000, guid: 09ab9c6ac3ddf7544859b256a388ead2, type: 3}
  m_IsPrefabParent: 0
--- !u!4 &626727369 stripped
Transform:
  m_PrefabParentObject: {fileID: 400000, guid: 09ab9c6ac3ddf7544859b256a388ead2, type: 3}
  m_PrefabInternal: {fileID: 626727368}
--- !u!1001 &650572266
Prefab:
  m_ObjectHideFlags: 0
  serializedVersion: 2
  m_Modification:
    m_TransformParent: {fileID: 0}
    m_Modifications:
    - target: {fileID: 4502838971118658, guid: 2b9811f27c4e34680b960884a200926e, type: 2}
      propertyPath: m_LocalPosition.x
      value: 0
      objectReference: {fileID: 0}
    - target: {fileID: 4502838971118658, guid: 2b9811f27c4e34680b960884a200926e, type: 2}
      propertyPath: m_LocalPosition.y
      value: -0.5
      objectReference: {fileID: 0}
    - target: {fileID: 4502838971118658, guid: 2b9811f27c4e34680b960884a200926e, type: 2}
      propertyPath: m_LocalPosition.z
      value: 0
      objectReference: {fileID: 0}
    - target: {fileID: 4502838971118658, guid: 2b9811f27c4e34680b960884a200926e, type: 2}
      propertyPath: m_LocalRotation.x
      value: 0
      objectReference: {fileID: 0}
    - target: {fileID: 4502838971118658, guid: 2b9811f27c4e34680b960884a200926e, type: 2}
      propertyPath: m_LocalRotation.y
      value: 0
      objectReference: {fileID: 0}
    - target: {fileID: 4502838971118658, guid: 2b9811f27c4e34680b960884a200926e, type: 2}
      propertyPath: m_LocalRotation.z
      value: 0
      objectReference: {fileID: 0}
    - target: {fileID: 4502838971118658, guid: 2b9811f27c4e34680b960884a200926e, type: 2}
      propertyPath: m_LocalRotation.w
      value: 1
      objectReference: {fileID: 0}
    - target: {fileID: 4502838971118658, guid: 2b9811f27c4e34680b960884a200926e, type: 2}
      propertyPath: m_RootOrder
      value: 3
      objectReference: {fileID: 0}
    - target: {fileID: 114660448981874438, guid: 2b9811f27c4e34680b960884a200926e,
        type: 2}
      propertyPath: LavaExplosionVFX
      value: 
      objectReference: {fileID: 1637158378872330, guid: 7b6d611025a6fc147875d99a1e5f6651,
        type: 2}
    m_RemovedComponents: []
  m_ParentPrefab: {fileID: 100100000, guid: 2b9811f27c4e34680b960884a200926e, type: 2}
  m_IsPrefabParent: 0
--- !u!4 &777150545
Transform:
  m_ObjectHideFlags: 0
  m_PrefabParentObject: {fileID: 408470, guid: 4d293c8e162f3874b982baadd71153d2, type: 2}
  m_PrefabInternal: {fileID: 0}
  m_GameObject: {fileID: 1362007037}
  m_LocalRotation: {x: 0, y: 0, z: 0, w: 1}
  m_LocalPosition: {x: 0, y: 0, z: 0}
  m_LocalScale: {x: 1, y: 1, z: 1}
  m_Children:
  - {fileID: 822456393}
  - {fileID: 1755848450}
  - {fileID: 1796643844}
  m_Father: {fileID: 949263042}
  m_RootOrder: 2
  m_LocalEulerAnglesHint: {x: 0, y: 0, z: 0}
--- !u!1 &822456391
GameObject:
  m_ObjectHideFlags: 0
  m_PrefabParentObject: {fileID: 189822, guid: 4d293c8e162f3874b982baadd71153d2, type: 2}
  m_PrefabInternal: {fileID: 0}
  serializedVersion: 5
  m_Component:
  - component: {fileID: 822456393}
  - component: {fileID: 822456396}
  - component: {fileID: 822456395}
  - component: {fileID: 822456394}
  - component: {fileID: 822456392}
  m_Layer: 0
  m_Name: Camera (eye)
  m_TagString: MainCamera
  m_Icon: {fileID: 0}
  m_NavMeshLayer: 0
  m_StaticEditorFlags: 0
  m_IsActive: 1
--- !u!114 &822456392
MonoBehaviour:
  m_ObjectHideFlags: 0
  m_PrefabParentObject: {fileID: 0}
  m_PrefabInternal: {fileID: 0}
  m_GameObject: {fileID: 822456391}
  m_Enabled: 1
  m_EditorHideFlags: 0
  m_Script: {fileID: 11500000, guid: 6bca9ccf900ccc84c887d783321d27e2, type: 3}
  m_Name: 
  m_EditorClassIdentifier: 
  _head: {fileID: 777150545}
  _ears: {fileID: 1755848450}
  wireframe: 0
--- !u!4 &822456393
Transform:
  m_ObjectHideFlags: 0
  m_PrefabParentObject: {fileID: 413432, guid: 4d293c8e162f3874b982baadd71153d2, type: 2}
  m_PrefabInternal: {fileID: 0}
  m_GameObject: {fileID: 822456391}
  m_LocalRotation: {x: -0, y: -0, z: -0, w: 1}
  m_LocalPosition: {x: 0, y: 0, z: 0}
  m_LocalScale: {x: 1, y: 1, z: 1}
  m_Children:
  - {fileID: 398654925}
  m_Father: {fileID: 777150545}
  m_RootOrder: 0
  m_LocalEulerAnglesHint: {x: 0, y: 0, z: 0}
--- !u!45 &822456394
Skybox:
  m_ObjectHideFlags: 0
  m_PrefabParentObject: {fileID: 45993965407353268, guid: 4d293c8e162f3874b982baadd71153d2,
    type: 2}
  m_PrefabInternal: {fileID: 0}
  m_GameObject: {fileID: 822456391}
  m_Enabled: 1
  m_CustomSkybox: {fileID: 2100000, guid: e0508e53307e32942be855a8a4eda6e5, type: 2}
--- !u!124 &822456395
Behaviour:
  m_ObjectHideFlags: 0
  m_PrefabParentObject: {fileID: 12409152, guid: 4d293c8e162f3874b982baadd71153d2,
    type: 2}
  m_PrefabInternal: {fileID: 0}
  m_GameObject: {fileID: 822456391}
  m_Enabled: 1
--- !u!20 &822456396
Camera:
  m_ObjectHideFlags: 0
  m_PrefabParentObject: {fileID: 2082592, guid: 4d293c8e162f3874b982baadd71153d2,
    type: 2}
  m_PrefabInternal: {fileID: 0}
  m_GameObject: {fileID: 822456391}
  m_Enabled: 1
  serializedVersion: 2
  m_ClearFlags: 1
  m_BackGroundColor: {r: 0.19215687, g: 0.3019608, b: 0.4745098, a: 0.019607844}
  m_NormalizedViewPortRect:
    serializedVersion: 2
    x: 0
    y: 0
    width: 1
    height: 1
  near clip plane: 0.05
  far clip plane: 1000
  field of view: 60
  orthographic: 0
  orthographic size: 5
  m_Depth: -1
  m_CullingMask:
    serializedVersion: 2
    m_Bits: 4294966783
  m_RenderingPath: -1
  m_TargetTexture: {fileID: 0}
  m_TargetDisplay: 0
  m_TargetEye: 3
  m_HDR: 0
  m_OcclusionCulling: 1
  m_StereoConvergence: 10
  m_StereoSeparation: 0.022
  m_StereoMirrorMode: 0
--- !u!1001 &942264889
Prefab:
  m_ObjectHideFlags: 0
  serializedVersion: 2
  m_Modification:
    m_TransformParent: {fileID: 1203627462}
    m_Modifications:
    - target: {fileID: 400000, guid: 6b5cd5875c1ce87499123f98fd757e69, type: 3}
      propertyPath: m_LocalPosition.x
      value: -0.082065105
      objectReference: {fileID: 0}
    - target: {fileID: 400000, guid: 6b5cd5875c1ce87499123f98fd757e69, type: 3}
      propertyPath: m_LocalPosition.y
      value: -8.687954
      objectReference: {fileID: 0}
    - target: {fileID: 400000, guid: 6b5cd5875c1ce87499123f98fd757e69, type: 3}
      propertyPath: m_LocalPosition.z
      value: 7.519677
      objectReference: {fileID: 0}
    - target: {fileID: 400000, guid: 6b5cd5875c1ce87499123f98fd757e69, type: 3}
      propertyPath: m_LocalRotation.x
      value: -0
      objectReference: {fileID: 0}
    - target: {fileID: 400000, guid: 6b5cd5875c1ce87499123f98fd757e69, type: 3}
      propertyPath: m_LocalRotation.y
      value: -0
      objectReference: {fileID: 0}
    - target: {fileID: 400000, guid: 6b5cd5875c1ce87499123f98fd757e69, type: 3}
      propertyPath: m_LocalRotation.z
      value: -0
      objectReference: {fileID: 0}
    - target: {fileID: 400000, guid: 6b5cd5875c1ce87499123f98fd757e69, type: 3}
      propertyPath: m_LocalRotation.w
      value: 1
      objectReference: {fileID: 0}
    - target: {fileID: 400000, guid: 6b5cd5875c1ce87499123f98fd757e69, type: 3}
      propertyPath: m_RootOrder
      value: 0
      objectReference: {fileID: 0}
    - target: {fileID: 400000, guid: 6b5cd5875c1ce87499123f98fd757e69, type: 3}
      propertyPath: m_LocalScale.x
      value: 3
      objectReference: {fileID: 0}
    - target: {fileID: 400000, guid: 6b5cd5875c1ce87499123f98fd757e69, type: 3}
      propertyPath: m_LocalScale.y
      value: 3
      objectReference: {fileID: 0}
    - target: {fileID: 400000, guid: 6b5cd5875c1ce87499123f98fd757e69, type: 3}
      propertyPath: m_LocalScale.z
      value: 3
      objectReference: {fileID: 0}
    - target: {fileID: 2300000, guid: 6b5cd5875c1ce87499123f98fd757e69, type: 3}
      propertyPath: m_Materials.Array.data[0]
      value: 
      objectReference: {fileID: 2100000, guid: 1678fb98aa82c9644a0862e15aae7e07, type: 2}
    - target: {fileID: 100002, guid: 6b5cd5875c1ce87499123f98fd757e69, type: 3}
      propertyPath: m_StaticEditorFlags
      value: 4294967295
      objectReference: {fileID: 0}
    - target: {fileID: 100000, guid: 6b5cd5875c1ce87499123f98fd757e69, type: 3}
      propertyPath: m_StaticEditorFlags
      value: 4294967295
      objectReference: {fileID: 0}
    m_RemovedComponents: []
  m_ParentPrefab: {fileID: 100100000, guid: 6b5cd5875c1ce87499123f98fd757e69, type: 3}
  m_IsPrefabParent: 0
--- !u!4 &942264890 stripped
Transform:
  m_PrefabParentObject: {fileID: 400000, guid: 6b5cd5875c1ce87499123f98fd757e69, type: 3}
  m_PrefabInternal: {fileID: 942264889}
--- !u!1 &949263037
GameObject:
  m_ObjectHideFlags: 0
  m_PrefabParentObject: {fileID: 146900, guid: 4d293c8e162f3874b982baadd71153d2, type: 2}
  m_PrefabInternal: {fileID: 0}
  serializedVersion: 5
  m_Component:
  - component: {fileID: 949263042}
  - component: {fileID: 949263041}
  - component: {fileID: 949263040}
  - component: {fileID: 949263039}
  - component: {fileID: 949263038}
  m_Layer: 0
  m_Name: '[CameraRig]'
  m_TagString: Untagged
  m_Icon: {fileID: 0}
  m_NavMeshLayer: 0
  m_StaticEditorFlags: 0
  m_IsActive: 1
--- !u!114 &949263038
MonoBehaviour:
  m_ObjectHideFlags: 0
  m_PrefabParentObject: {fileID: 11489174, guid: 4d293c8e162f3874b982baadd71153d2,
    type: 2}
  m_PrefabInternal: {fileID: 0}
  m_GameObject: {fileID: 949263037}
  m_Enabled: 1
  m_EditorHideFlags: 0
  m_Script: {fileID: 11500000, guid: 1f0522eaef74d984591c060d05a095c8, type: 3}
  m_Name: 
  m_EditorClassIdentifier: 
  borderThickness: 0.15
  wireframeHeight: 2
  drawWireframeWhenSelectedOnly: 0
  drawInGame: 0
  size: 2
  color: {r: 0, g: 1, b: 1, a: 1}
  vertices:
  - {x: 1.5, y: 0.01, z: 1.125}
  - {x: 1.5, y: 0.01, z: -1.125}
  - {x: -1.5, y: 0.01, z: -1.125}
  - {x: -1.5, y: 0.01, z: 1.125}
  - {x: 1.65, y: 0.01, z: 1.275}
  - {x: 1.65, y: 0.01, z: -1.275}
  - {x: -1.65, y: 0.01, z: -1.275}
  - {x: -1.65, y: 0.01, z: 1.275}
--- !u!33 &949263039
MeshFilter:
  m_ObjectHideFlags: 0
  m_PrefabParentObject: {fileID: 3380982, guid: 4d293c8e162f3874b982baadd71153d2,
    type: 2}
  m_PrefabInternal: {fileID: 0}
  m_GameObject: {fileID: 949263037}
  m_Mesh: {fileID: 1345039665}
--- !u!23 &949263040
MeshRenderer:
  m_ObjectHideFlags: 0
  m_PrefabParentObject: {fileID: 2348914, guid: 4d293c8e162f3874b982baadd71153d2,
    type: 2}
  m_PrefabInternal: {fileID: 0}
  m_GameObject: {fileID: 949263037}
  m_Enabled: 1
  m_CastShadows: 0
  m_ReceiveShadows: 0
  m_MotionVectors: 1
  m_LightProbeUsage: 0
  m_ReflectionProbeUsage: 0
  m_Materials:
  - {fileID: 2098756172}
  m_StaticBatchInfo:
    firstSubMesh: 0
    subMeshCount: 0
  m_StaticBatchRoot: {fileID: 0}
  m_ProbeAnchor: {fileID: 0}
  m_LightProbeVolumeOverride: {fileID: 0}
  m_ScaleInLightmap: 1
  m_PreserveUVs: 0
  m_IgnoreNormalsForChartDetection: 0
  m_ImportantGI: 0
  m_SelectedEditorRenderState: 3
  m_MinimumChartSize: 4
  m_AutoUVMaxDistance: 0.5
  m_AutoUVMaxAngle: 89
  m_LightmapParameters: {fileID: 0}
  m_SortingLayerID: 0
  m_SortingOrder: 0
--- !u!114 &949263041
MonoBehaviour:
  m_ObjectHideFlags: 0
  m_PrefabParentObject: {fileID: 11416958, guid: 4d293c8e162f3874b982baadd71153d2,
    type: 2}
  m_PrefabInternal: {fileID: 0}
  m_GameObject: {fileID: 949263037}
  m_Enabled: 1
  m_EditorHideFlags: 0
  m_Script: {fileID: 11500000, guid: e3b47c2980b93bc48844a54641dab5b8, type: 3}
  m_Name: 
  m_EditorClassIdentifier: 
  left: {fileID: 426373095}
  right: {fileID: 1392892983}
  objects: []
  assignAllBeforeIdentified: 0
--- !u!4 &949263042
Transform:
  m_ObjectHideFlags: 0
  m_PrefabParentObject: {fileID: 420908, guid: 4d293c8e162f3874b982baadd71153d2, type: 2}
  m_PrefabInternal: {fileID: 0}
  m_GameObject: {fileID: 949263037}
  m_LocalRotation: {x: 0, y: 0, z: 0, w: 1}
  m_LocalPosition: {x: 0, y: 3.27, z: 0}
  m_LocalScale: {x: 1, y: 1, z: 1}
  m_Children:
  - {fileID: 1912460971}
  - {fileID: 1392892985}
  - {fileID: 777150545}
  m_Father: {fileID: 0}
  m_RootOrder: 1
  m_LocalEulerAnglesHint: {x: 0, y: 0, z: 0}
--- !u!1001 &978664990
Prefab:
  m_ObjectHideFlags: 0
  serializedVersion: 2
  m_Modification:
    m_TransformParent: {fileID: 0}
    m_Modifications:
    - target: {fileID: 400002, guid: c1459cd9f46fba24082b892d572f6b6f, type: 3}
      propertyPath: m_LocalPosition.x
      value: -0.4
      objectReference: {fileID: 0}
    - target: {fileID: 400002, guid: c1459cd9f46fba24082b892d572f6b6f, type: 3}
      propertyPath: m_LocalPosition.y
      value: -0.23
      objectReference: {fileID: 0}
    - target: {fileID: 400002, guid: c1459cd9f46fba24082b892d572f6b6f, type: 3}
      propertyPath: m_LocalPosition.z
      value: 0.21
      objectReference: {fileID: 0}
    - target: {fileID: 400002, guid: c1459cd9f46fba24082b892d572f6b6f, type: 3}
      propertyPath: m_LocalRotation.x
      value: 0
      objectReference: {fileID: 0}
    - target: {fileID: 400002, guid: c1459cd9f46fba24082b892d572f6b6f, type: 3}
      propertyPath: m_LocalRotation.y
      value: -0
      objectReference: {fileID: 0}
    - target: {fileID: 400002, guid: c1459cd9f46fba24082b892d572f6b6f, type: 3}
      propertyPath: m_LocalRotation.z
      value: -0
      objectReference: {fileID: 0}
    - target: {fileID: 400002, guid: c1459cd9f46fba24082b892d572f6b6f, type: 3}
      propertyPath: m_LocalRotation.w
      value: 1
      objectReference: {fileID: 0}
    - target: {fileID: 400002, guid: c1459cd9f46fba24082b892d572f6b6f, type: 3}
      propertyPath: m_RootOrder
      value: 2
      objectReference: {fileID: 0}
    - target: {fileID: 400002, guid: c1459cd9f46fba24082b892d572f6b6f, type: 3}
      propertyPath: m_LocalScale.x
      value: 4
      objectReference: {fileID: 0}
    - target: {fileID: 400002, guid: c1459cd9f46fba24082b892d572f6b6f, type: 3}
      propertyPath: m_LocalScale.y
      value: 3
      objectReference: {fileID: 0}
    - target: {fileID: 400002, guid: c1459cd9f46fba24082b892d572f6b6f, type: 3}
      propertyPath: m_LocalScale.z
      value: 4
      objectReference: {fileID: 0}
    - target: {fileID: 2300000, guid: c1459cd9f46fba24082b892d572f6b6f, type: 3}
      propertyPath: m_Materials.Array.data[0]
      value: 
      objectReference: {fileID: 2100000, guid: 94926c39e9e42db4d9a3def4b517bd04, type: 2}
    m_RemovedComponents: []
  m_ParentPrefab: {fileID: 100100000, guid: c1459cd9f46fba24082b892d572f6b6f, type: 3}
  m_IsPrefabParent: 0
--- !u!1 &1037868172
GameObject:
  m_ObjectHideFlags: 0
  m_PrefabParentObject: {fileID: 0}
  m_PrefabInternal: {fileID: 0}
  serializedVersion: 5
  m_Component:
  - component: {fileID: 1037868173}
  - component: {fileID: 1037868174}
  m_Layer: 5
  m_Name: Health
  m_TagString: Untagged
  m_Icon: {fileID: 0}
  m_NavMeshLayer: 0
  m_StaticEditorFlags: 0
  m_IsActive: 1
--- !u!224 &1037868173
RectTransform:
  m_ObjectHideFlags: 0
  m_PrefabParentObject: {fileID: 0}
  m_PrefabInternal: {fileID: 0}
  m_GameObject: {fileID: 1037868172}
  m_LocalRotation: {x: 0, y: 0, z: 0, w: 1}
  m_LocalPosition: {x: 0, y: 0, z: 2}
  m_LocalScale: {x: 0.7775736, y: 0.7775736, z: 0.7775736}
  m_Children:
  - {fileID: 1295784376}
  - {fileID: 1393531690}
  - {fileID: 1154572925}
  - {fileID: 1644500123}
  m_Father: {fileID: 1796643844}
  m_RootOrder: 0
  m_LocalEulerAnglesHint: {x: 0, y: 0, z: 0}
  m_AnchorMin: {x: 0.5, y: 0.5}
  m_AnchorMax: {x: 0.5, y: 0.5}
  m_AnchoredPosition: {x: -1, y: -1}
  m_SizeDelta: {x: 100, y: 100}
  m_Pivot: {x: 0.5, y: 0.5}
--- !u!114 &1037868174
MonoBehaviour:
  m_ObjectHideFlags: 0
  m_PrefabParentObject: {fileID: 0}
  m_PrefabInternal: {fileID: 0}
  m_GameObject: {fileID: 1037868172}
  m_Enabled: 1
  m_EditorHideFlags: 0
  m_Script: {fileID: 11500000, guid: dea16d134b7448947b9a50f0e4ea3937, type: 3}
  m_Name: 
  m_EditorClassIdentifier: 
  health:
  - {fileID: 1295784377}
  - {fileID: 1393531691}
  - {fileID: 1154572926}
  - {fileID: 1644500124}
  hp: 4
--- !u!1 &1112315923
GameObject:
  m_ObjectHideFlags: 0
  m_PrefabParentObject: {fileID: 0}
  m_PrefabInternal: {fileID: 0}
  serializedVersion: 5
  m_Component:
  - component: {fileID: 1112315926}
  - component: {fileID: 1112315925}
  - component: {fileID: 1112315924}
  m_Layer: 0
  m_Name: EventSystem
  m_TagString: Untagged
  m_Icon: {fileID: 0}
  m_NavMeshLayer: 0
  m_StaticEditorFlags: 0
  m_IsActive: 1
--- !u!114 &1112315924
MonoBehaviour:
  m_ObjectHideFlags: 0
  m_PrefabParentObject: {fileID: 0}
  m_PrefabInternal: {fileID: 0}
  m_GameObject: {fileID: 1112315923}
  m_Enabled: 1
  m_EditorHideFlags: 0
  m_Script: {fileID: 1077351063, guid: f70555f144d8491a825f0804e09c671c, type: 3}
  m_Name: 
  m_EditorClassIdentifier: 
  m_HorizontalAxis: Horizontal
  m_VerticalAxis: Vertical
  m_SubmitButton: Submit
  m_CancelButton: Cancel
  m_InputActionsPerSecond: 10
  m_RepeatDelay: 0.5
  m_ForceModuleActive: 0
--- !u!114 &1112315925
MonoBehaviour:
  m_ObjectHideFlags: 0
  m_PrefabParentObject: {fileID: 0}
  m_PrefabInternal: {fileID: 0}
  m_GameObject: {fileID: 1112315923}
  m_Enabled: 1
  m_EditorHideFlags: 0
  m_Script: {fileID: -619905303, guid: f70555f144d8491a825f0804e09c671c, type: 3}
  m_Name: 
  m_EditorClassIdentifier: 
  m_FirstSelected: {fileID: 0}
  m_sendNavigationEvents: 1
  m_DragThreshold: 5
--- !u!4 &1112315926
Transform:
  m_ObjectHideFlags: 0
  m_PrefabParentObject: {fileID: 0}
  m_PrefabInternal: {fileID: 0}
  m_GameObject: {fileID: 1112315923}
  m_LocalRotation: {x: 0, y: 0, z: 0, w: 1}
  m_LocalPosition: {x: 0, y: 0, z: 0}
  m_LocalScale: {x: 1, y: 1, z: 1}
  m_Children: []
  m_Father: {fileID: 0}
  m_RootOrder: 8
  m_LocalEulerAnglesHint: {x: 0, y: 0, z: 0}
--- !u!1 &1154572924
GameObject:
  m_ObjectHideFlags: 0
  m_PrefabParentObject: {fileID: 0}
  m_PrefabInternal: {fileID: 0}
  serializedVersion: 5
  m_Component:
  - component: {fileID: 1154572925}
  - component: {fileID: 1154572927}
  - component: {fileID: 1154572926}
  m_Layer: 5
  m_Name: Image (2)
  m_TagString: Untagged
  m_Icon: {fileID: 0}
  m_NavMeshLayer: 0
  m_StaticEditorFlags: 0
  m_IsActive: 1
--- !u!224 &1154572925
RectTransform:
  m_ObjectHideFlags: 0
  m_PrefabParentObject: {fileID: 0}
  m_PrefabInternal: {fileID: 0}
  m_GameObject: {fileID: 1154572924}
  m_LocalRotation: {x: -0, y: -0, z: -0, w: 1}
  m_LocalPosition: {x: 0, y: 0, z: 0}
  m_LocalScale: {x: 1, y: 1, z: 1}
  m_Children: []
  m_Father: {fileID: 1037868173}
  m_RootOrder: 2
  m_LocalEulerAnglesHint: {x: 0, y: 0, z: 0}
  m_AnchorMin: {x: 0.5, y: 0.5}
  m_AnchorMax: {x: 0.5, y: 0.5}
  m_AnchoredPosition: {x: -8.955001, y: 4.52}
  m_SizeDelta: {x: 3.89, y: 1.05}
  m_Pivot: {x: 0.5, y: 0.5}
--- !u!114 &1154572926
MonoBehaviour:
  m_ObjectHideFlags: 0
  m_PrefabParentObject: {fileID: 0}
  m_PrefabInternal: {fileID: 0}
  m_GameObject: {fileID: 1154572924}
  m_Enabled: 1
  m_EditorHideFlags: 0
  m_Script: {fileID: -765806418, guid: f70555f144d8491a825f0804e09c671c, type: 3}
  m_Name: 
  m_EditorClassIdentifier: 
  m_Material: {fileID: 0}
  m_Color: {r: 0.7657051, g: 0.15322232, b: 0.8014706, a: 0.603}
  m_RaycastTarget: 1
  m_OnCullStateChanged:
    m_PersistentCalls:
      m_Calls: []
    m_TypeName: UnityEngine.UI.MaskableGraphic+CullStateChangedEvent, UnityEngine.UI,
      Version=1.0.0.0, Culture=neutral, PublicKeyToken=null
  m_Sprite: {fileID: 0}
  m_Type: 0
  m_PreserveAspect: 0
  m_FillCenter: 1
  m_FillMethod: 4
  m_FillAmount: 1
  m_FillClockwise: 1
  m_FillOrigin: 0
--- !u!222 &1154572927
CanvasRenderer:
  m_ObjectHideFlags: 0
  m_PrefabParentObject: {fileID: 0}
  m_PrefabInternal: {fileID: 0}
  m_GameObject: {fileID: 1154572924}
--- !u!1 &1203627461
GameObject:
  m_ObjectHideFlags: 0
  m_PrefabParentObject: {fileID: 0}
  m_PrefabInternal: {fileID: 0}
  serializedVersion: 5
  m_Component:
  - component: {fileID: 1203627462}
  m_Layer: 0
  m_Name: Environment
  m_TagString: Untagged
  m_Icon: {fileID: 0}
  m_NavMeshLayer: 0
  m_StaticEditorFlags: 0
  m_IsActive: 1
--- !u!4 &1203627462
Transform:
  m_ObjectHideFlags: 0
  m_PrefabParentObject: {fileID: 0}
  m_PrefabInternal: {fileID: 0}
  m_GameObject: {fileID: 1203627461}
  m_LocalRotation: {x: 0, y: 0, z: 0, w: 1}
  m_LocalPosition: {x: 3.359744, y: 7.6, z: 6.2386084}
  m_LocalScale: {x: 1, y: 1, z: 1}
  m_Children:
  - {fileID: 942264890}
  - {fileID: 1711202436}
  - {fileID: 626727369}
  - {fileID: 529776040}
  - {fileID: 15449138}
  - {fileID: 1982253161}
  - {fileID: 1591510489}
  m_Father: {fileID: 0}
  m_RootOrder: 7
  m_LocalEulerAnglesHint: {x: 0, y: 0, z: 0}
--- !u!1 &1295784375
GameObject:
  m_ObjectHideFlags: 0
  m_PrefabParentObject: {fileID: 0}
  m_PrefabInternal: {fileID: 0}
  serializedVersion: 5
  m_Component:
  - component: {fileID: 1295784376}
  - component: {fileID: 1295784378}
  - component: {fileID: 1295784377}
  m_Layer: 5
  m_Name: Image
  m_TagString: Untagged
  m_Icon: {fileID: 0}
  m_NavMeshLayer: 0
  m_StaticEditorFlags: 0
  m_IsActive: 1
--- !u!224 &1295784376
RectTransform:
  m_ObjectHideFlags: 0
  m_PrefabParentObject: {fileID: 0}
  m_PrefabInternal: {fileID: 0}
  m_GameObject: {fileID: 1295784375}
  m_LocalRotation: {x: -0, y: -0, z: -0, w: 1}
  m_LocalPosition: {x: 0, y: 0, z: 0}
  m_LocalScale: {x: 1, y: 1, z: 1}
  m_Children: []
  m_Father: {fileID: 1037868173}
  m_RootOrder: 0
  m_LocalEulerAnglesHint: {x: 0, y: 0, z: 0}
  m_AnchorMin: {x: 0.5, y: 0.5}
  m_AnchorMax: {x: 0.5, y: 0.5}
  m_AnchoredPosition: {x: -8.955001, y: 6.87}
  m_SizeDelta: {x: 3.89, y: 1.05}
  m_Pivot: {x: 0.5, y: 0.5}
--- !u!114 &1295784377
MonoBehaviour:
  m_ObjectHideFlags: 0
  m_PrefabParentObject: {fileID: 0}
  m_PrefabInternal: {fileID: 0}
  m_GameObject: {fileID: 1295784375}
  m_Enabled: 1
  m_EditorHideFlags: 0
  m_Script: {fileID: -765806418, guid: f70555f144d8491a825f0804e09c671c, type: 3}
  m_Name: 
  m_EditorClassIdentifier: 
  m_Material: {fileID: 0}
  m_Color: {r: 0.7647059, g: 0.15294118, b: 0.8, a: 0.6039216}
  m_RaycastTarget: 1
  m_OnCullStateChanged:
    m_PersistentCalls:
      m_Calls: []
    m_TypeName: UnityEngine.UI.MaskableGraphic+CullStateChangedEvent, UnityEngine.UI,
      Version=1.0.0.0, Culture=neutral, PublicKeyToken=null
  m_Sprite: {fileID: 0}
  m_Type: 0
  m_PreserveAspect: 0
  m_FillCenter: 1
  m_FillMethod: 4
  m_FillAmount: 1
  m_FillClockwise: 1
  m_FillOrigin: 0
--- !u!222 &1295784378
CanvasRenderer:
  m_ObjectHideFlags: 0
  m_PrefabParentObject: {fileID: 0}
  m_PrefabInternal: {fileID: 0}
  m_GameObject: {fileID: 1295784375}
--- !u!4 &1305883395 stripped
Transform:
  m_PrefabParentObject: {fileID: 400000, guid: bfb0c990155e78140881fa17aa905626, type: 2}
  m_PrefabInternal: {fileID: 1585340461}
--- !u!43 &1345039665
Mesh:
  m_ObjectHideFlags: 0
  m_PrefabParentObject: {fileID: 0}
  m_PrefabInternal: {fileID: 0}
  m_Name: 
  serializedVersion: 8
  m_SubMeshes:
  - serializedVersion: 2
    firstByte: 0
    indexCount: 24
    topology: 0
    firstVertex: 0
    vertexCount: 8
    localAABB:
      m_Center: {x: 0, y: 0.01, z: 0}
      m_Extent: {x: 1.65, y: 0, z: 1.275}
  m_Shapes:
    vertices: []
    shapes: []
    channels: []
    fullWeights: []
  m_BindPose: []
  m_BoneNameHashes: 
  m_RootBoneNameHash: 0
  m_MeshCompression: 0
  m_IsReadable: 1
  m_KeepVertices: 1
  m_KeepIndices: 1
  m_IndexBuffer: 000004000100010004000500010005000200020005000600020006000300030006000700030007000000000007000400
  m_Skin: []
  m_VertexData:
    m_CurrentChannels: 13
    m_VertexCount: 8
    m_Channels:
    - stream: 0
      offset: 0
      format: 0
      dimension: 3
    - stream: 0
      offset: 0
      format: 0
      dimension: 0
    - stream: 0
      offset: 12
      format: 0
      dimension: 4
    - stream: 0
      offset: 28
      format: 0
      dimension: 2
    - stream: 0
      offset: 0
      format: 0
      dimension: 0
    - stream: 0
      offset: 0
      format: 0
      dimension: 0
    - stream: 0
      offset: 0
      format: 0
      dimension: 0
    - stream: 0
      offset: 0
      format: 0
      dimension: 0
    m_DataSize: 288
    _typelessdata: 0000c03f0ad7233c0000903f000000000000803f0000803f0000803f00000000000000000000c03f0ad7233c000090bf000000000000803f0000803f0000803f0000803f000000000000c0bf0ad7233c000090bf000000000000803f0000803f0000803f00000000000000000000c0bf0ad7233c0000903f000000000000803f0000803f0000803f0000803f000000003333d33f0ad7233c3333a33f000000000000803f0000803f00000000000000000000803f3333d33f0ad7233c3333a3bf000000000000803f0000803f000000000000803f0000803f3333d3bf0ad7233c3333a3bf000000000000803f0000803f00000000000000000000803f3333d3bf0ad7233c3333a33f000000000000803f0000803f000000000000803f0000803f
  m_CompressedMesh:
    m_Vertices:
      m_NumItems: 0
      m_Range: 0
      m_Start: 0
      m_Data: 
      m_BitSize: 0
    m_UV:
      m_NumItems: 0
      m_Range: 0
      m_Start: 0
      m_Data: 
      m_BitSize: 0
    m_Normals:
      m_NumItems: 0
      m_Range: 0
      m_Start: 0
      m_Data: 
      m_BitSize: 0
    m_Tangents:
      m_NumItems: 0
      m_Range: 0
      m_Start: 0
      m_Data: 
      m_BitSize: 0
    m_Weights:
      m_NumItems: 0
      m_Data: 
      m_BitSize: 0
    m_NormalSigns:
      m_NumItems: 0
      m_Data: 
      m_BitSize: 0
    m_TangentSigns:
      m_NumItems: 0
      m_Data: 
      m_BitSize: 0
    m_FloatColors:
      m_NumItems: 0
      m_Range: 0
      m_Start: 0
      m_Data: 
      m_BitSize: 0
    m_BoneIndices:
      m_NumItems: 0
      m_Data: 
      m_BitSize: 0
    m_Triangles:
      m_NumItems: 0
      m_Data: 
      m_BitSize: 0
    m_UVInfo: 0
  m_LocalAABB:
    m_Center: {x: 0, y: 0.01, z: 0}
    m_Extent: {x: 1.65, y: 0, z: 1.275}
  m_MeshUsageFlags: 0
  m_BakedConvexCollisionMesh: 
  m_BakedTriangleCollisionMesh: 
  m_MeshOptimized: 0
--- !u!1 &1362007037
GameObject:
  m_ObjectHideFlags: 0
  m_PrefabParentObject: {fileID: 155680, guid: 4d293c8e162f3874b982baadd71153d2, type: 2}
  m_PrefabInternal: {fileID: 0}
  serializedVersion: 5
  m_Component:
  - component: {fileID: 777150545}
  - component: {fileID: 1362007041}
  - component: {fileID: 1362007040}
  - component: {fileID: 1362007039}
  - component: {fileID: 1362007038}
  m_Layer: 0
  m_Name: Camera (head)
  m_TagString: MainCamera
  m_Icon: {fileID: 0}
  m_NavMeshLayer: 0
  m_StaticEditorFlags: 0
  m_IsActive: 1
--- !u!45 &1362007038
Skybox:
  m_ObjectHideFlags: 0
  m_PrefabParentObject: {fileID: 45208480807154426, guid: 4d293c8e162f3874b982baadd71153d2,
    type: 2}
  m_PrefabInternal: {fileID: 0}
  m_GameObject: {fileID: 1362007037}
  m_Enabled: 1
  m_CustomSkybox: {fileID: 10304, guid: 0000000000000000f000000000000000, type: 0}
--- !u!92 &1362007039
Behaviour:
  m_ObjectHideFlags: 0
  m_PrefabParentObject: {fileID: 9213436, guid: 4d293c8e162f3874b982baadd71153d2,
    type: 2}
  m_PrefabInternal: {fileID: 0}
  m_GameObject: {fileID: 1362007037}
  m_Enabled: 1
--- !u!114 &1362007040
MonoBehaviour:
  m_ObjectHideFlags: 0
  m_PrefabParentObject: {fileID: 11470538, guid: 4d293c8e162f3874b982baadd71153d2,
    type: 2}
  m_PrefabInternal: {fileID: 0}
  m_GameObject: {fileID: 1362007037}
  m_Enabled: 1
  m_EditorHideFlags: 0
  m_Script: {fileID: 11500000, guid: d37c2cf88f7c59f4c8cf5d3812568143, type: 3}
  m_Name: 
  m_EditorClassIdentifier: 
  index: 0
  origin: {fileID: 0}
  isValid: 0
--- !u!20 &1362007041
Camera:
  m_ObjectHideFlags: 0
  m_PrefabParentObject: {fileID: 2008320, guid: 4d293c8e162f3874b982baadd71153d2,
    type: 2}
  m_PrefabInternal: {fileID: 0}
  m_GameObject: {fileID: 1362007037}
  m_Enabled: 1
  serializedVersion: 2
  m_ClearFlags: 1
  m_BackGroundColor: {r: 0, g: 0, b: 0, a: 0}
  m_NormalizedViewPortRect:
    serializedVersion: 2
    x: 0
    y: 0
    width: 1
    height: 1
  near clip plane: 0
  far clip plane: 1
  field of view: 60
  orthographic: 1
  orthographic size: 1
  m_Depth: 0
  m_CullingMask:
    serializedVersion: 2
    m_Bits: 0
  m_RenderingPath: -1
  m_TargetTexture: {fileID: 0}
  m_TargetDisplay: 0
  m_TargetEye: 3
  m_HDR: 0
  m_OcclusionCulling: 0
  m_StereoConvergence: 10
  m_StereoSeparation: 0.022
  m_StereoMirrorMode: 0
--- !u!1 &1380158281
GameObject:
  m_ObjectHideFlags: 0
  m_PrefabParentObject: {fileID: 192944, guid: 4d293c8e162f3874b982baadd71153d2, type: 2}
  m_PrefabInternal: {fileID: 0}
  serializedVersion: 5
  m_Component:
  - component: {fileID: 1380158282}
  - component: {fileID: 1380158283}
  m_Layer: 0
  m_Name: Model
  m_TagString: Untagged
  m_Icon: {fileID: 0}
  m_NavMeshLayer: 0
  m_StaticEditorFlags: 0
  m_IsActive: 1
--- !u!4 &1380158282
Transform:
  m_ObjectHideFlags: 0
  m_PrefabParentObject: {fileID: 478542, guid: 4d293c8e162f3874b982baadd71153d2, type: 2}
  m_PrefabInternal: {fileID: 0}
  m_GameObject: {fileID: 1380158281}
  m_LocalRotation: {x: 0, y: 0, z: 0, w: 1}
  m_LocalPosition: {x: 0, y: 0, z: 0}
  m_LocalScale: {x: 1, y: 1, z: 1}
  m_Children: []
  m_Father: {fileID: 1392892985}
  m_RootOrder: 0
  m_LocalEulerAnglesHint: {x: 0, y: 0, z: 0}
--- !u!114 &1380158283
MonoBehaviour:
  m_ObjectHideFlags: 0
  m_PrefabParentObject: {fileID: 11417168, guid: 4d293c8e162f3874b982baadd71153d2,
    type: 2}
  m_PrefabInternal: {fileID: 0}
  m_GameObject: {fileID: 1380158281}
  m_Enabled: 1
  m_EditorHideFlags: 0
  m_Script: {fileID: 11500000, guid: 5890e3cad70bea64d91aef9145ba3454, type: 3}
  m_Name: 
  m_EditorClassIdentifier: 
  index: -1
  modelOverride: 
  shader: {fileID: 46, guid: 0000000000000000f000000000000000, type: 0}
  verbose: 0
  createComponents: 1
  updateDynamically: 1
--- !u!1 &1392892983
GameObject:
  m_ObjectHideFlags: 0
  m_PrefabParentObject: {fileID: 159396, guid: 4d293c8e162f3874b982baadd71153d2, type: 2}
  m_PrefabInternal: {fileID: 0}
  serializedVersion: 5
  m_Component:
  - component: {fileID: 1392892985}
  - component: {fileID: 1392892984}
  m_Layer: 0
  m_Name: Controller (right)
  m_TagString: Untagged
  m_Icon: {fileID: 0}
  m_NavMeshLayer: 0
  m_StaticEditorFlags: 0
  m_IsActive: 1
--- !u!114 &1392892984
MonoBehaviour:
  m_ObjectHideFlags: 0
  m_PrefabParentObject: {fileID: 11463128, guid: 4d293c8e162f3874b982baadd71153d2,
    type: 2}
  m_PrefabInternal: {fileID: 0}
  m_GameObject: {fileID: 1392892983}
  m_Enabled: 1
  m_EditorHideFlags: 0
  m_Script: {fileID: 11500000, guid: d37c2cf88f7c59f4c8cf5d3812568143, type: 3}
  m_Name: 
  m_EditorClassIdentifier: 
  index: -1
  origin: {fileID: 0}
  isValid: 0
--- !u!4 &1392892985
Transform:
  m_ObjectHideFlags: 0
  m_PrefabParentObject: {fileID: 402434, guid: 4d293c8e162f3874b982baadd71153d2, type: 2}
  m_PrefabInternal: {fileID: 0}
  m_GameObject: {fileID: 1392892983}
  m_LocalRotation: {x: 0, y: 0, z: 0, w: 1}
  m_LocalPosition: {x: 0, y: 0, z: 0}
  m_LocalScale: {x: 1, y: 1, z: 1}
  m_Children:
  - {fileID: 1380158282}
  m_Father: {fileID: 949263042}
  m_RootOrder: 1
  m_LocalEulerAnglesHint: {x: 0, y: 0, z: 0}
--- !u!1 &1393531689
GameObject:
  m_ObjectHideFlags: 0
  m_PrefabParentObject: {fileID: 0}
  m_PrefabInternal: {fileID: 0}
  serializedVersion: 5
  m_Component:
  - component: {fileID: 1393531690}
  - component: {fileID: 1393531692}
  - component: {fileID: 1393531691}
  m_Layer: 5
  m_Name: Image (1)
  m_TagString: Untagged
  m_Icon: {fileID: 0}
  m_NavMeshLayer: 0
  m_StaticEditorFlags: 0
  m_IsActive: 1
--- !u!224 &1393531690
RectTransform:
  m_ObjectHideFlags: 0
  m_PrefabParentObject: {fileID: 0}
  m_PrefabInternal: {fileID: 0}
  m_GameObject: {fileID: 1393531689}
  m_LocalRotation: {x: -0, y: -0, z: -0, w: 1}
  m_LocalPosition: {x: 0, y: 0, z: 0}
  m_LocalScale: {x: 1, y: 1, z: 1}
  m_Children: []
  m_Father: {fileID: 1037868173}
  m_RootOrder: 1
  m_LocalEulerAnglesHint: {x: 0, y: 0, z: 0}
  m_AnchorMin: {x: 0.5, y: 0.5}
  m_AnchorMax: {x: 0.5, y: 0.5}
  m_AnchoredPosition: {x: -8.955001, y: 5.7}
  m_SizeDelta: {x: 3.89, y: 1.05}
  m_Pivot: {x: 0.5, y: 0.5}
--- !u!114 &1393531691
MonoBehaviour:
  m_ObjectHideFlags: 0
  m_PrefabParentObject: {fileID: 0}
  m_PrefabInternal: {fileID: 0}
  m_GameObject: {fileID: 1393531689}
  m_Enabled: 1
  m_EditorHideFlags: 0
  m_Script: {fileID: -765806418, guid: f70555f144d8491a825f0804e09c671c, type: 3}
  m_Name: 
  m_EditorClassIdentifier: 
  m_Material: {fileID: 0}
  m_Color: {r: 0.7657051, g: 0.15322232, b: 0.8014706, a: 0.603}
  m_RaycastTarget: 1
  m_OnCullStateChanged:
    m_PersistentCalls:
      m_Calls: []
    m_TypeName: UnityEngine.UI.MaskableGraphic+CullStateChangedEvent, UnityEngine.UI,
      Version=1.0.0.0, Culture=neutral, PublicKeyToken=null
  m_Sprite: {fileID: 0}
  m_Type: 0
  m_PreserveAspect: 0
  m_FillCenter: 1
  m_FillMethod: 4
  m_FillAmount: 1
  m_FillClockwise: 1
  m_FillOrigin: 0
--- !u!222 &1393531692
CanvasRenderer:
  m_ObjectHideFlags: 0
  m_PrefabParentObject: {fileID: 0}
  m_PrefabInternal: {fileID: 0}
  m_GameObject: {fileID: 1393531689}
--- !u!1001 &1431027076
Prefab:
  m_ObjectHideFlags: 0
  serializedVersion: 2
  m_Modification:
    m_TransformParent: {fileID: 0}
    m_Modifications:
    - target: {fileID: 4477242797205062, guid: 692878826cec443e28b37143198d89d4, type: 2}
      propertyPath: m_LocalPosition.x
      value: 0
      objectReference: {fileID: 0}
    - target: {fileID: 4477242797205062, guid: 692878826cec443e28b37143198d89d4, type: 2}
      propertyPath: m_LocalPosition.y
      value: -1.02
      objectReference: {fileID: 0}
    - target: {fileID: 4477242797205062, guid: 692878826cec443e28b37143198d89d4, type: 2}
      propertyPath: m_LocalPosition.z
      value: 0
      objectReference: {fileID: 0}
    - target: {fileID: 4477242797205062, guid: 692878826cec443e28b37143198d89d4, type: 2}
      propertyPath: m_LocalRotation.x
      value: 0
      objectReference: {fileID: 0}
    - target: {fileID: 4477242797205062, guid: 692878826cec443e28b37143198d89d4, type: 2}
      propertyPath: m_LocalRotation.y
      value: 0
      objectReference: {fileID: 0}
    - target: {fileID: 4477242797205062, guid: 692878826cec443e28b37143198d89d4, type: 2}
      propertyPath: m_LocalRotation.z
      value: 0
      objectReference: {fileID: 0}
    - target: {fileID: 4477242797205062, guid: 692878826cec443e28b37143198d89d4, type: 2}
      propertyPath: m_LocalRotation.w
      value: 1
      objectReference: {fileID: 0}
    - target: {fileID: 4477242797205062, guid: 692878826cec443e28b37143198d89d4, type: 2}
      propertyPath: m_RootOrder
      value: 5
      objectReference: {fileID: 0}
    - target: {fileID: 23686498020860438, guid: 692878826cec443e28b37143198d89d4,
        type: 2}
      propertyPath: m_Materials.Array.data[0]
      value: 
      objectReference: {fileID: 2100000, guid: a8d195f7fcc9b1242b72b6a44dde7ba7, type: 2}
    m_RemovedComponents: []
  m_ParentPrefab: {fileID: 100100000, guid: 692878826cec443e28b37143198d89d4, type: 2}
  m_IsPrefabParent: 0
--- !u!1001 &1585340461
Prefab:
  m_ObjectHideFlags: 0
  serializedVersion: 2
  m_Modification:
    m_TransformParent: {fileID: 1912460971}
    m_Modifications:
    - target: {fileID: 400000, guid: bfb0c990155e78140881fa17aa905626, type: 2}
      propertyPath: m_LocalPosition.x
      value: -0
      objectReference: {fileID: 0}
    - target: {fileID: 400000, guid: bfb0c990155e78140881fa17aa905626, type: 2}
      propertyPath: m_LocalPosition.y
      value: -0.035
      objectReference: {fileID: 0}
    - target: {fileID: 400000, guid: bfb0c990155e78140881fa17aa905626, type: 2}
      propertyPath: m_LocalPosition.z
      value: -0.15
      objectReference: {fileID: 0}
    - target: {fileID: 400000, guid: bfb0c990155e78140881fa17aa905626, type: 2}
      propertyPath: m_LocalRotation.x
      value: 0.7071068
      objectReference: {fileID: 0}
    - target: {fileID: 400000, guid: bfb0c990155e78140881fa17aa905626, type: 2}
      propertyPath: m_LocalRotation.y
      value: 0
      objectReference: {fileID: 0}
    - target: {fileID: 400000, guid: bfb0c990155e78140881fa17aa905626, type: 2}
      propertyPath: m_LocalRotation.z
      value: 0
      objectReference: {fileID: 0}
    - target: {fileID: 400000, guid: bfb0c990155e78140881fa17aa905626, type: 2}
      propertyPath: m_LocalRotation.w
      value: 0.7071068
      objectReference: {fileID: 0}
    - target: {fileID: 400000, guid: bfb0c990155e78140881fa17aa905626, type: 2}
      propertyPath: m_RootOrder
      value: 0
      objectReference: {fileID: 0}
    m_RemovedComponents: []
  m_ParentPrefab: {fileID: 100100000, guid: bfb0c990155e78140881fa17aa905626, type: 2}
  m_IsPrefabParent: 0
--- !u!1001 &1591510488
Prefab:
  m_ObjectHideFlags: 0
  serializedVersion: 2
  m_Modification:
    m_TransformParent: {fileID: 1203627462}
    m_Modifications:
    - target: {fileID: 400000, guid: 6b5cd5875c1ce87499123f98fd757e69, type: 3}
      propertyPath: m_LocalPosition.x
      value: -13.848546
      objectReference: {fileID: 0}
    - target: {fileID: 400000, guid: 6b5cd5875c1ce87499123f98fd757e69, type: 3}
      propertyPath: m_LocalPosition.y
      value: -8.461043
      objectReference: {fileID: 0}
    - target: {fileID: 400000, guid: 6b5cd5875c1ce87499123f98fd757e69, type: 3}
      propertyPath: m_LocalPosition.z
      value: -12.9015
      objectReference: {fileID: 0}
    - target: {fileID: 400000, guid: 6b5cd5875c1ce87499123f98fd757e69, type: 3}
      propertyPath: m_LocalRotation.x
      value: -0.21946372
      objectReference: {fileID: 0}
    - target: {fileID: 400000, guid: 6b5cd5875c1ce87499123f98fd757e69, type: 3}
      propertyPath: m_LocalRotation.y
      value: -0.9686556
      objectReference: {fileID: 0}
    - target: {fileID: 400000, guid: 6b5cd5875c1ce87499123f98fd757e69, type: 3}
      propertyPath: m_LocalRotation.z
      value: -0.076589845
      objectReference: {fileID: 0}
    - target: {fileID: 400000, guid: 6b5cd5875c1ce87499123f98fd757e69, type: 3}
      propertyPath: m_LocalRotation.w
      value: -0.08761358
      objectReference: {fileID: 0}
    - target: {fileID: 400000, guid: 6b5cd5875c1ce87499123f98fd757e69, type: 3}
      propertyPath: m_RootOrder
      value: 6
      objectReference: {fileID: 0}
    - target: {fileID: 400000, guid: 6b5cd5875c1ce87499123f98fd757e69, type: 3}
      propertyPath: m_LocalScale.x
      value: 3.000001
      objectReference: {fileID: 0}
    - target: {fileID: 400000, guid: 6b5cd5875c1ce87499123f98fd757e69, type: 3}
      propertyPath: m_LocalScale.y
      value: 3
      objectReference: {fileID: 0}
    - target: {fileID: 400000, guid: 6b5cd5875c1ce87499123f98fd757e69, type: 3}
      propertyPath: m_LocalScale.z
      value: 3.000001
      objectReference: {fileID: 0}
    - target: {fileID: 2300000, guid: 6b5cd5875c1ce87499123f98fd757e69, type: 3}
      propertyPath: m_Materials.Array.data[0]
      value: 
      objectReference: {fileID: 2100000, guid: 1678fb98aa82c9644a0862e15aae7e07, type: 2}
    - target: {fileID: 100000, guid: 6b5cd5875c1ce87499123f98fd757e69, type: 3}
      propertyPath: m_Name
      value: BackgroundDouble (2)
      objectReference: {fileID: 0}
    - target: {fileID: 400000, guid: 6b5cd5875c1ce87499123f98fd757e69, type: 3}
      propertyPath: m_LocalEulerAnglesHint.y
      value: -191.80598
      objectReference: {fileID: 0}
    - target: {fileID: 400000, guid: 6b5cd5875c1ce87499123f98fd757e69, type: 3}
      propertyPath: m_LocalEulerAnglesHint.x
      value: -6.3110003
      objectReference: {fileID: 0}
    - target: {fileID: 400000, guid: 6b5cd5875c1ce87499123f98fd757e69, type: 3}
      propertyPath: m_LocalEulerAnglesHint.z
      value: 26.185001
      objectReference: {fileID: 0}
    - target: {fileID: 100000, guid: 6b5cd5875c1ce87499123f98fd757e69, type: 3}
      propertyPath: m_StaticEditorFlags
      value: 4294967295
      objectReference: {fileID: 0}
    - target: {fileID: 100002, guid: 6b5cd5875c1ce87499123f98fd757e69, type: 3}
      propertyPath: m_StaticEditorFlags
      value: 4294967295
      objectReference: {fileID: 0}
    m_RemovedComponents: []
  m_ParentPrefab: {fileID: 100100000, guid: 6b5cd5875c1ce87499123f98fd757e69, type: 3}
  m_IsPrefabParent: 0
--- !u!4 &1591510489 stripped
Transform:
  m_PrefabParentObject: {fileID: 400000, guid: 6b5cd5875c1ce87499123f98fd757e69, type: 3}
  m_PrefabInternal: {fileID: 1591510488}
--- !u!1 &1644500122
GameObject:
  m_ObjectHideFlags: 0
  m_PrefabParentObject: {fileID: 0}
  m_PrefabInternal: {fileID: 0}
  serializedVersion: 5
  m_Component:
  - component: {fileID: 1644500123}
  - component: {fileID: 1644500125}
  - component: {fileID: 1644500124}
  m_Layer: 5
  m_Name: Image (3)
  m_TagString: Untagged
  m_Icon: {fileID: 0}
  m_NavMeshLayer: 0
  m_StaticEditorFlags: 0
  m_IsActive: 1
--- !u!224 &1644500123
RectTransform:
  m_ObjectHideFlags: 0
  m_PrefabParentObject: {fileID: 0}
  m_PrefabInternal: {fileID: 0}
  m_GameObject: {fileID: 1644500122}
  m_LocalRotation: {x: -0, y: -0, z: -0, w: 1}
  m_LocalPosition: {x: 0, y: 0, z: 0}
  m_LocalScale: {x: 1, y: 1, z: 1}
  m_Children: []
  m_Father: {fileID: 1037868173}
  m_RootOrder: 3
  m_LocalEulerAnglesHint: {x: 0, y: 0, z: 0}
  m_AnchorMin: {x: 0.5, y: 0.5}
  m_AnchorMax: {x: 0.5, y: 0.5}
  m_AnchoredPosition: {x: -8.955001, y: 3.31}
  m_SizeDelta: {x: 3.89, y: 1.05}
  m_Pivot: {x: 0.5, y: 0.5}
--- !u!114 &1644500124
MonoBehaviour:
  m_ObjectHideFlags: 0
  m_PrefabParentObject: {fileID: 0}
  m_PrefabInternal: {fileID: 0}
  m_GameObject: {fileID: 1644500122}
  m_Enabled: 1
  m_EditorHideFlags: 0
  m_Script: {fileID: -765806418, guid: f70555f144d8491a825f0804e09c671c, type: 3}
  m_Name: 
  m_EditorClassIdentifier: 
  m_Material: {fileID: 0}
  m_Color: {r: 0.7657051, g: 0.15322232, b: 0.8014706, a: 0.603}
  m_RaycastTarget: 1
  m_OnCullStateChanged:
    m_PersistentCalls:
      m_Calls: []
    m_TypeName: UnityEngine.UI.MaskableGraphic+CullStateChangedEvent, UnityEngine.UI,
      Version=1.0.0.0, Culture=neutral, PublicKeyToken=null
  m_Sprite: {fileID: 0}
  m_Type: 0
  m_PreserveAspect: 0
  m_FillCenter: 1
  m_FillMethod: 4
  m_FillAmount: 1
  m_FillClockwise: 1
  m_FillOrigin: 0
--- !u!222 &1644500125
CanvasRenderer:
  m_ObjectHideFlags: 0
  m_PrefabParentObject: {fileID: 0}
  m_PrefabInternal: {fileID: 0}
  m_GameObject: {fileID: 1644500122}
--- !u!1001 &1711202435
Prefab:
  m_ObjectHideFlags: 0
  serializedVersion: 2
  m_Modification:
    m_TransformParent: {fileID: 1203627462}
    m_Modifications:
    - target: {fileID: 400000, guid: 30f9f9217f7b601408265d8ba8348064, type: 3}
      propertyPath: m_LocalPosition.x
      value: -0.05319214
      objectReference: {fileID: 0}
    - target: {fileID: 400000, guid: 30f9f9217f7b601408265d8ba8348064, type: 3}
      propertyPath: m_LocalPosition.y
      value: -7.177887
      objectReference: {fileID: 0}
    - target: {fileID: 400000, guid: 30f9f9217f7b601408265d8ba8348064, type: 3}
      propertyPath: m_LocalPosition.z
      value: 6.5056524
      objectReference: {fileID: 0}
    - target: {fileID: 400000, guid: 30f9f9217f7b601408265d8ba8348064, type: 3}
      propertyPath: m_LocalRotation.x
      value: -0
      objectReference: {fileID: 0}
    - target: {fileID: 400000, guid: 30f9f9217f7b601408265d8ba8348064, type: 3}
      propertyPath: m_LocalRotation.y
      value: -0
      objectReference: {fileID: 0}
    - target: {fileID: 400000, guid: 30f9f9217f7b601408265d8ba8348064, type: 3}
      propertyPath: m_LocalRotation.z
      value: -0
      objectReference: {fileID: 0}
    - target: {fileID: 400000, guid: 30f9f9217f7b601408265d8ba8348064, type: 3}
      propertyPath: m_LocalRotation.w
      value: 1
      objectReference: {fileID: 0}
    - target: {fileID: 400000, guid: 30f9f9217f7b601408265d8ba8348064, type: 3}
      propertyPath: m_RootOrder
      value: 1
      objectReference: {fileID: 0}
    - target: {fileID: 400000, guid: 30f9f9217f7b601408265d8ba8348064, type: 3}
      propertyPath: m_LocalScale.x
      value: 3
      objectReference: {fileID: 0}
    - target: {fileID: 400000, guid: 30f9f9217f7b601408265d8ba8348064, type: 3}
      propertyPath: m_LocalScale.y
      value: 3
      objectReference: {fileID: 0}
    - target: {fileID: 400000, guid: 30f9f9217f7b601408265d8ba8348064, type: 3}
      propertyPath: m_LocalScale.z
      value: 3
      objectReference: {fileID: 0}
    - target: {fileID: 400002, guid: 30f9f9217f7b601408265d8ba8348064, type: 3}
      propertyPath: m_LocalPosition.z
      value: -3.82
      objectReference: {fileID: 0}
    - target: {fileID: 400002, guid: 30f9f9217f7b601408265d8ba8348064, type: 3}
      propertyPath: m_LocalPosition.x
      value: 5.45
      objectReference: {fileID: 0}
    - target: {fileID: 2300000, guid: 30f9f9217f7b601408265d8ba8348064, type: 3}
      propertyPath: m_Materials.Array.data[0]
      value: 
      objectReference: {fileID: 2100000, guid: dc8d09c17ae080f43af74366578abe4e, type: 2}
    - target: {fileID: 100002, guid: 30f9f9217f7b601408265d8ba8348064, type: 3}
      propertyPath: m_StaticEditorFlags
      value: 4294967295
      objectReference: {fileID: 0}
    - target: {fileID: 100000, guid: 30f9f9217f7b601408265d8ba8348064, type: 3}
      propertyPath: m_StaticEditorFlags
      value: 4294967295
      objectReference: {fileID: 0}
    m_RemovedComponents: []
  m_ParentPrefab: {fileID: 100100000, guid: 30f9f9217f7b601408265d8ba8348064, type: 3}
  m_IsPrefabParent: 0
--- !u!4 &1711202436 stripped
Transform:
  m_PrefabParentObject: {fileID: 400000, guid: 30f9f9217f7b601408265d8ba8348064, type: 3}
  m_PrefabInternal: {fileID: 1711202435}
--- !u!1001 &1720540514
Prefab:
  m_ObjectHideFlags: 0
  serializedVersion: 2
  m_Modification:
    m_TransformParent: {fileID: 0}
    m_Modifications:
    - target: {fileID: 4921272025488294, guid: 998c212946e5d4c339011c7ef2d085db, type: 2}
      propertyPath: m_LocalPosition.x
      value: -1.040673
      objectReference: {fileID: 0}
    - target: {fileID: 4921272025488294, guid: 998c212946e5d4c339011c7ef2d085db, type: 2}
      propertyPath: m_LocalPosition.y
      value: 3.9330938
      objectReference: {fileID: 0}
    - target: {fileID: 4921272025488294, guid: 998c212946e5d4c339011c7ef2d085db, type: 2}
      propertyPath: m_LocalPosition.z
      value: 1.2769136
      objectReference: {fileID: 0}
    - target: {fileID: 4921272025488294, guid: 998c212946e5d4c339011c7ef2d085db, type: 2}
      propertyPath: m_LocalRotation.x
      value: 0
      objectReference: {fileID: 0}
    - target: {fileID: 4921272025488294, guid: 998c212946e5d4c339011c7ef2d085db, type: 2}
      propertyPath: m_LocalRotation.y
      value: 0
      objectReference: {fileID: 0}
    - target: {fileID: 4921272025488294, guid: 998c212946e5d4c339011c7ef2d085db, type: 2}
      propertyPath: m_LocalRotation.z
      value: 0
      objectReference: {fileID: 0}
    - target: {fileID: 4921272025488294, guid: 998c212946e5d4c339011c7ef2d085db, type: 2}
      propertyPath: m_LocalRotation.w
      value: 1
      objectReference: {fileID: 0}
    - target: {fileID: 4921272025488294, guid: 998c212946e5d4c339011c7ef2d085db, type: 2}
      propertyPath: m_RootOrder
      value: 4
      objectReference: {fileID: 0}
    - target: {fileID: 4787618656978498, guid: 998c212946e5d4c339011c7ef2d085db, type: 2}
      propertyPath: m_LocalPosition.y
      value: -3.47
      objectReference: {fileID: 0}
    m_RemovedComponents: []
  m_ParentPrefab: {fileID: 100100000, guid: 998c212946e5d4c339011c7ef2d085db, type: 2}
  m_IsPrefabParent: 0
--- !u!4 &1755848450
Transform:
  m_ObjectHideFlags: 0
  m_PrefabParentObject: {fileID: 439042, guid: 4d293c8e162f3874b982baadd71153d2, type: 2}
  m_PrefabInternal: {fileID: 0}
  m_GameObject: {fileID: 1767172009}
  m_LocalRotation: {x: 0, y: 0, z: 0, w: 1}
  m_LocalPosition: {x: 0, y: 0, z: 0}
  m_LocalScale: {x: 1, y: 1, z: 1}
  m_Children: []
  m_Father: {fileID: 777150545}
  m_RootOrder: 1
  m_LocalEulerAnglesHint: {x: 0, y: 0, z: 0}
--- !u!1 &1767172009
GameObject:
  m_ObjectHideFlags: 0
  m_PrefabParentObject: {fileID: 123270, guid: 4d293c8e162f3874b982baadd71153d2, type: 2}
  m_PrefabInternal: {fileID: 0}
  serializedVersion: 5
  m_Component:
  - component: {fileID: 1755848450}
  - component: {fileID: 1767172011}
  - component: {fileID: 1767172010}
  m_Layer: 0
  m_Name: Camera (ears)
  m_TagString: Untagged
  m_Icon: {fileID: 0}
  m_NavMeshLayer: 0
  m_StaticEditorFlags: 0
  m_IsActive: 1
--- !u!114 &1767172010
MonoBehaviour:
  m_ObjectHideFlags: 0
  m_PrefabParentObject: {fileID: 11453390, guid: 4d293c8e162f3874b982baadd71153d2,
    type: 2}
  m_PrefabInternal: {fileID: 0}
  m_GameObject: {fileID: 1767172009}
  m_Enabled: 1
  m_EditorHideFlags: 0
  m_Script: {fileID: 11500000, guid: 49a86c1078ce4314b9c4224560e031b9, type: 3}
  m_Name: 
  m_EditorClassIdentifier: 
  vrcam: {fileID: 0}
--- !u!81 &1767172011
AudioListener:
  m_ObjectHideFlags: 0
  m_PrefabParentObject: {fileID: 8198212, guid: 4d293c8e162f3874b982baadd71153d2,
    type: 2}
  m_PrefabInternal: {fileID: 0}
  m_GameObject: {fileID: 1767172009}
  m_Enabled: 1
--- !u!1 &1796643843
GameObject:
  m_ObjectHideFlags: 0
  m_PrefabParentObject: {fileID: 0}
  m_PrefabInternal: {fileID: 0}
  serializedVersion: 5
  m_Component:
  - component: {fileID: 1796643844}
  - component: {fileID: 1796643847}
  - component: {fileID: 1796643846}
  - component: {fileID: 1796643845}
  m_Layer: 5
  m_Name: Canvas
  m_TagString: Untagged
  m_Icon: {fileID: 0}
  m_NavMeshLayer: 0
  m_StaticEditorFlags: 0
  m_IsActive: 1
--- !u!224 &1796643844
RectTransform:
  m_ObjectHideFlags: 0
  m_PrefabParentObject: {fileID: 0}
  m_PrefabInternal: {fileID: 0}
  m_GameObject: {fileID: 1796643843}
  m_LocalRotation: {x: -0, y: -0, z: -0, w: 1}
  m_LocalPosition: {x: 0, y: 0, z: 15}
  m_LocalScale: {x: 1, y: 1, z: 1}
  m_Children:
  - {fileID: 1037868173}
  m_Father: {fileID: 777150545}
  m_RootOrder: 2
  m_LocalEulerAnglesHint: {x: 0, y: 0, z: 0}
  m_AnchorMin: {x: 0, y: 0}
  m_AnchorMax: {x: 0, y: 0}
  m_AnchoredPosition: {x: 0, y: 0}
  m_SizeDelta: {x: 23.89, y: 16.22}
  m_Pivot: {x: 0.5, y: 0.5}
--- !u!114 &1796643845
MonoBehaviour:
  m_ObjectHideFlags: 0
  m_PrefabParentObject: {fileID: 0}
  m_PrefabInternal: {fileID: 0}
  m_GameObject: {fileID: 1796643843}
  m_Enabled: 1
  m_EditorHideFlags: 0
  m_Script: {fileID: 1301386320, guid: f70555f144d8491a825f0804e09c671c, type: 3}
  m_Name: 
  m_EditorClassIdentifier: 
  m_IgnoreReversedGraphics: 1
  m_BlockingObjects: 0
  m_BlockingMask:
    serializedVersion: 2
    m_Bits: 4294967295
--- !u!114 &1796643846
MonoBehaviour:
  m_ObjectHideFlags: 0
  m_PrefabParentObject: {fileID: 0}
  m_PrefabInternal: {fileID: 0}
  m_GameObject: {fileID: 1796643843}
  m_Enabled: 1
  m_EditorHideFlags: 0
  m_Script: {fileID: 1980459831, guid: f70555f144d8491a825f0804e09c671c, type: 3}
  m_Name: 
  m_EditorClassIdentifier: 
  m_UiScaleMode: 0
  m_ReferencePixelsPerUnit: 100
  m_ScaleFactor: 1
  m_ReferenceResolution: {x: 800, y: 600}
  m_ScreenMatchMode: 0
  m_MatchWidthOrHeight: 0
  m_PhysicalUnit: 3
  m_FallbackScreenDPI: 96
  m_DefaultSpriteDPI: 96
  m_DynamicPixelsPerUnit: 1
--- !u!223 &1796643847
Canvas:
  m_ObjectHideFlags: 0
  m_PrefabParentObject: {fileID: 0}
  m_PrefabInternal: {fileID: 0}
  m_GameObject: {fileID: 1796643843}
  m_Enabled: 1
  serializedVersion: 2
  m_RenderMode: 2
  m_Camera: {fileID: 0}
  m_PlaneDistance: 100
  m_PixelPerfect: 0
  m_ReceivesEvents: 1
  m_OverrideSorting: 0
  m_OverridePixelPerfect: 0
  m_SortingBucketNormalizedSize: 0
  m_SortingLayerID: 0
  m_SortingOrder: 0
  m_TargetDisplay: 0
--- !u!1 &1905373600
GameObject:
  m_ObjectHideFlags: 0
  m_PrefabParentObject: {fileID: 0}
  m_PrefabInternal: {fileID: 0}
  serializedVersion: 5
  m_Component:
  - component: {fileID: 1905373602}
  - component: {fileID: 1905373601}
  m_Layer: 0
  m_Name: Directional Light
  m_TagString: Untagged
  m_Icon: {fileID: 0}
  m_NavMeshLayer: 0
  m_StaticEditorFlags: 0
  m_IsActive: 1
--- !u!108 &1905373601
Light:
  m_ObjectHideFlags: 0
  m_PrefabParentObject: {fileID: 0}
  m_PrefabInternal: {fileID: 0}
  m_GameObject: {fileID: 1905373600}
  m_Enabled: 1
  serializedVersion: 7
  m_Type: 1
  m_Color: {r: 1, g: 0.95686275, b: 0.8392157, a: 1}
  m_Intensity: 1
  m_Range: 10
  m_SpotAngle: 30
  m_CookieSize: 10
  m_Shadows:
    m_Type: 2
    m_Resolution: -1
    m_CustomResolution: -1
    m_Strength: 1
    m_Bias: 0.05
    m_NormalBias: 0.4
    m_NearPlane: 0.2
  m_Cookie: {fileID: 0}
  m_DrawHalo: 0
  m_Flare: {fileID: 0}
  m_RenderMode: 0
  m_CullingMask:
    serializedVersion: 2
    m_Bits: 4294967295
  m_Lightmapping: 4
  m_AreaSize: {x: 1, y: 1}
  m_BounceIntensity: 1
  m_ShadowRadius: 0
  m_ShadowAngle: 0
--- !u!4 &1905373602
Transform:
  m_ObjectHideFlags: 0
  m_PrefabParentObject: {fileID: 0}
  m_PrefabInternal: {fileID: 0}
  m_GameObject: {fileID: 1905373600}
  m_LocalRotation: {x: 0.4792599, y: -0.24281655, z: 0.08959593, w: 0.8386433}
  m_LocalPosition: {x: 0, y: 7.07, z: -12.47}
  m_LocalScale: {x: 1, y: 1, z: 1}
  m_Children: []
  m_Father: {fileID: 0}
  m_RootOrder: 0
  m_LocalEulerAnglesHint: {x: 57.926003, y: -37.247, z: -8.934}
--- !u!4 &1912460971
Transform:
  m_ObjectHideFlags: 0
  m_PrefabParentObject: {fileID: 458974, guid: 4d293c8e162f3874b982baadd71153d2, type: 2}
  m_PrefabInternal: {fileID: 0}
  m_GameObject: {fileID: 426373095}
  m_LocalRotation: {x: 0, y: 0, z: 0, w: 1}
  m_LocalPosition: {x: 0, y: 0, z: 0}
  m_LocalScale: {x: 1, y: 1, z: 1}
  m_Children:
  - {fileID: 1305883395}
  - {fileID: 95735558}
  m_Father: {fileID: 949263042}
  m_RootOrder: 0
  m_LocalEulerAnglesHint: {x: 0, y: 0, z: 0}
--- !u!1 &1964035914
GameObject:
  m_ObjectHideFlags: 0
  m_PrefabParentObject: {fileID: 0}
  m_PrefabInternal: {fileID: 0}
  serializedVersion: 5
  m_Component:
  - component: {fileID: 1964035916}
  - component: {fileID: 1964035915}
  m_Layer: 0
  m_Name: Dodgepong1 (1)
  m_TagString: Untagged
  m_Icon: {fileID: 0}
  m_NavMeshLayer: 0
  m_StaticEditorFlags: 0
  m_IsActive: 1
--- !u!82 &1964035915
AudioSource:
  m_ObjectHideFlags: 0
  m_PrefabParentObject: {fileID: 0}
  m_PrefabInternal: {fileID: 0}
  m_GameObject: {fileID: 1964035914}
  m_Enabled: 1
  serializedVersion: 4
  OutputAudioMixerGroup: {fileID: 0}
  m_audioClip: {fileID: 8300000, guid: 326396dcbc9be4c92a8db8390705b66e, type: 3}
  m_PlayOnAwake: 1
  m_Volume: 1
  m_Pitch: 1
  Loop: 1
  Mute: 0
  Spatialize: 0
  SpatializePostEffects: 0
  Priority: 128
  DopplerLevel: 1
  MinDistance: 1
  MaxDistance: 500
  Pan2D: 0
  rolloffMode: 0
  BypassEffects: 0
  BypassListenerEffects: 0
  BypassReverbZones: 0
  rolloffCustomCurve:
    serializedVersion: 2
    m_Curve:
    - serializedVersion: 2
      time: 0
      value: 1
      inSlope: 0
      outSlope: 0
      tangentMode: 0
    - serializedVersion: 2
      time: 1
      value: 0
      inSlope: 0
      outSlope: 0
      tangentMode: 0
    m_PreInfinity: 2
    m_PostInfinity: 2
    m_RotationOrder: 4
  panLevelCustomCurve:
    serializedVersion: 2
    m_Curve:
    - serializedVersion: 2
      time: 0
      value: 0
      inSlope: 0
      outSlope: 0
      tangentMode: 0
    m_PreInfinity: 2
    m_PostInfinity: 2
    m_RotationOrder: 0
  spreadCustomCurve:
    serializedVersion: 2
    m_Curve:
    - serializedVersion: 2
      time: 0
      value: 0
      inSlope: 0
      outSlope: 0
      tangentMode: 0
    m_PreInfinity: 2
    m_PostInfinity: 2
    m_RotationOrder: 4
  reverbZoneMixCustomCurve:
    serializedVersion: 2
    m_Curve:
    - serializedVersion: 2
      time: 0
      value: 1
      inSlope: 0
      outSlope: 0
      tangentMode: 0
    m_PreInfinity: 2
    m_PostInfinity: 2
    m_RotationOrder: 0
--- !u!4 &1964035916
Transform:
  m_ObjectHideFlags: 0
  m_PrefabParentObject: {fileID: 0}
  m_PrefabInternal: {fileID: 0}
  m_GameObject: {fileID: 1964035914}
  m_LocalRotation: {x: 0, y: 0, z: 0, w: 1}
  m_LocalPosition: {x: 0, y: 0, z: 0}
  m_LocalScale: {x: 1, y: 1, z: 1}
  m_Children: []
  m_Father: {fileID: 0}
  m_RootOrder: 9
  m_LocalEulerAnglesHint: {x: 0, y: 0, z: 0}
--- !u!1001 &1982253160
Prefab:
  m_ObjectHideFlags: 0
  serializedVersion: 2
  m_Modification:
    m_TransformParent: {fileID: 1203627462}
    m_Modifications:
    - target: {fileID: 400000, guid: 09ab9c6ac3ddf7544859b256a388ead2, type: 3}
      propertyPath: m_LocalPosition.x
      value: 2.31457
      objectReference: {fileID: 0}
    - target: {fileID: 400000, guid: 09ab9c6ac3ddf7544859b256a388ead2, type: 3}
      propertyPath: m_LocalPosition.y
      value: -7.9531264
      objectReference: {fileID: 0}
    - target: {fileID: 400000, guid: 09ab9c6ac3ddf7544859b256a388ead2, type: 3}
      propertyPath: m_LocalPosition.z
      value: -21.567673
      objectReference: {fileID: 0}
    - target: {fileID: 400000, guid: 09ab9c6ac3ddf7544859b256a388ead2, type: 3}
      propertyPath: m_LocalRotation.x
      value: -0
      objectReference: {fileID: 0}
    - target: {fileID: 400000, guid: 09ab9c6ac3ddf7544859b256a388ead2, type: 3}
      propertyPath: m_LocalRotation.y
      value: -0.9517598
      objectReference: {fileID: 0}
    - target: {fileID: 400000, guid: 09ab9c6ac3ddf7544859b256a388ead2, type: 3}
      propertyPath: m_LocalRotation.z
      value: -0
      objectReference: {fileID: 0}
    - target: {fileID: 400000, guid: 09ab9c6ac3ddf7544859b256a388ead2, type: 3}
      propertyPath: m_LocalRotation.w
      value: 0.30684406
      objectReference: {fileID: 0}
    - target: {fileID: 400000, guid: 09ab9c6ac3ddf7544859b256a388ead2, type: 3}
      propertyPath: m_RootOrder
      value: 5
      objectReference: {fileID: 0}
    - target: {fileID: 400000, guid: 09ab9c6ac3ddf7544859b256a388ead2, type: 3}
      propertyPath: m_LocalScale.x
      value: 4
      objectReference: {fileID: 0}
    - target: {fileID: 400000, guid: 09ab9c6ac3ddf7544859b256a388ead2, type: 3}
      propertyPath: m_LocalScale.y
      value: 4
      objectReference: {fileID: 0}
    - target: {fileID: 400000, guid: 09ab9c6ac3ddf7544859b256a388ead2, type: 3}
      propertyPath: m_LocalScale.z
      value: 4
      objectReference: {fileID: 0}
    - target: {fileID: 2300000, guid: 09ab9c6ac3ddf7544859b256a388ead2, type: 3}
      propertyPath: m_Materials.Array.data[0]
      value: 
      objectReference: {fileID: 2100000, guid: a94345cd8c2aad0449509e56746e6b6d, type: 2}
    - target: {fileID: 100000, guid: 09ab9c6ac3ddf7544859b256a388ead2, type: 3}
      propertyPath: m_Name
      value: BackgroundSingle (1)
      objectReference: {fileID: 0}
    - target: {fileID: 400000, guid: 09ab9c6ac3ddf7544859b256a388ead2, type: 3}
      propertyPath: m_LocalEulerAnglesHint.y
      value: -144.26201
      objectReference: {fileID: 0}
    - target: {fileID: 100002, guid: 09ab9c6ac3ddf7544859b256a388ead2, type: 3}
      propertyPath: m_StaticEditorFlags
      value: 4294967295
      objectReference: {fileID: 0}
    - target: {fileID: 100000, guid: 09ab9c6ac3ddf7544859b256a388ead2, type: 3}
      propertyPath: m_StaticEditorFlags
      value: 4294967295
      objectReference: {fileID: 0}
    m_RemovedComponents: []
  m_ParentPrefab: {fileID: 100100000, guid: 09ab9c6ac3ddf7544859b256a388ead2, type: 3}
  m_IsPrefabParent: 0
--- !u!4 &1982253161 stripped
Transform:
  m_PrefabParentObject: {fileID: 400000, guid: 09ab9c6ac3ddf7544859b256a388ead2, type: 3}
  m_PrefabInternal: {fileID: 1982253160}
--- !u!21 &2098756172
Material:
  serializedVersion: 6
  m_ObjectHideFlags: 0
  m_PrefabParentObject: {fileID: 0}
  m_PrefabInternal: {fileID: 0}
  m_Name: Sprites/Default
  m_Shader: {fileID: 10753, guid: 0000000000000000f000000000000000, type: 0}
  m_ShaderKeywords: 
  m_LightmapFlags: 5
  m_CustomRenderQueue: -1
  stringTagMap: {}
  m_SavedProperties:
    serializedVersion: 2
    m_TexEnvs:
    - first:
        name: _MainTex
      second:
        m_Texture: {fileID: 0}
        m_Scale: {x: 1, y: 1}
        m_Offset: {x: 0, y: 0}
    m_Floats:
    - first:
        name: PixelSnap
      second: 0
    m_Colors:
    - first:
        name: _Color
      second: {r: 1, g: 1, b: 1, a: 1}
--- !u!1 &2105812188 stripped
GameObject:
  m_PrefabParentObject: {fileID: 1405457855369034, guid: 998c212946e5d4c339011c7ef2d085db,
    type: 2}
  m_PrefabInternal: {fileID: 1720540514}
--- !u!114 &2105812191
MonoBehaviour:
  m_ObjectHideFlags: 0
  m_PrefabParentObject: {fileID: 0}
  m_PrefabInternal: {fileID: 0}
  m_GameObject: {fileID: 2105812188}
  m_Enabled: 0
  m_EditorHideFlags: 0
  m_Script: {fileID: 11500000, guid: c2c085250d259ec4f981eeabca6e9ddf, type: 3}
  m_Name: 
  m_EditorClassIdentifier: 
  ball: {fileID: 1022370495303076, guid: 1399534c24355e543849ca2a36db170a, type: 2}
  ballSpawnPoint: {fileID: 0}
